3538 5860
519 905 721 956 wrnnnuuus
743 905 852 956 nanis
874 905 1065 956 vicesimus
1247 892 1304 953 301

269 1081 341 1166 [per
377 1079 626 1168 inundationes]
668 1081 767 1147 maris
806 1085 840 1146 et
879 1081 1060 1158 Humhriae,
1101 1087 1136 1146 et
1173 1080 1312 1146 aliorum
1327 1089 1394 1140 hl).
1412 1095 1482 1141 ¹4⁰6.

266 1182 443 1249 fluviorum
480 1184 516 1248 in
554 1184 783 1262 Holdemesse,
822 1188 971 1250 vastatas
1016 1189 1050 1250 et
1095 1187 1314 1270 consumptas,
1419 1271 1421 1278 Ι

270 1283 380 1370 [annis
401 1287 496 1374 regni
525 1287 592 1374 sui]
617 1287 735 1374 quinto
768 1292 802 1352 et
836 1291 954 1363 sext03
989 1287 1139 1373 quamvis
1172 1286 1208 1350 in
1238 1307 1313 1351 con·

268 1388 410 1455 cessione
432 1389 595 1454 dictarum
618 1389 817 1454 decimarum
839 1409 898 1475 per
920 1387 1157 1454 Eboraoensem
1180 1388 1314 1475 provin·

268 1490 353 1554 ciam
384 1489 466 1576 non]
498 1490 630 1556 fuerant
666 1491 858 1578 specificatae
870 1515 879 1571 ;
916 1495 951 1556 ct
984 1491 1072 1576 quod
1111 1491 1152 1556 de
1183 1495 1217 1556 et
1254 1511 1314 1577 pro

269 1641 294 1657 ,η
299 1642 490 1660 .......
513 1599 582 1658 tam
606 1593 843 1680 temporalibus
858 1613 956 1679 quam
979 1593 1207 1680 spiritualibus
1229 1593 1316 1658 infra

269 1694 392 1760 dictam
424 1696 627 1782 provinciam
657 1745 879 1762 ........
912 1715 1094 1781 processum
1133 1695 1169 1760 in
1207 1696 1313 1783 ipsum

270 1797 465 1862 scaccarium
495 1797 603 1864 dierat
636 1798 766 1886 plenius
797 1799 902 1864 certifi
930 1847 1153 1865 ........
1188 1819 1317 1863 monas-

270 1899 391 1964 terium
410 1887 563 1966 'nostrum
596 1905 712 1967 contra
744 1900 848 1987 ipsius
879 1900 1150 1988 perdonationem
1176 1901 1213 1964 in
1234 1921 1316 1986 prae-

270 2001 377 2067 missis
399 2051 590 2070 .......
614 2004 665 2068 sui
687 2004 783 2068 nobis
797 2003 877 2070 facti
899 2004 1040 2070 ulterius
1060 2008 1316 2091 praegravarent,

271 2105 327 2170 sed
349 2127 409 2192 pro
424 2106 647 2193 quanti[tate]
673 2156 897 2173 ........
920 2128 1016 2172 arum
1039 2127 1099 2172 nos
1122 2113 1317 2172 excusarent

272 2209 307 2271 et
339 2208 471 2294 penitus
506 2209 733 2294 acquietarent
767 2258 998 2276 ........
1032 2207 1128 2274 nobis
1162 2208 1317 2275 allocatio

271 2307 391 2374 iterata
413 2310 591 2376 secundum
614 2312 752 2376 formam
783 2311 901 2398 prioris
927 2311 1132 2378 allocutionis
1155 2360 1316 2378 ......

270 2433 336 2496 qua
369 2413 410 2478 dc
432 2413 538 2499 prima
566 2413 744 2479 medietate
777 2414 875 2480 unius
909 2414 1044 2480 dacimae
1075 2415 1146 2502 regi
1176 2436 1198 2479 a
1231 2414 1318 2479 clero

272 2513 430 2599 [ejusdem
459 2516 662 2603 prov]inciae‚
685 2516 826 2583 secundo
858 2517 912 2584 dia
945 2516 1067 2583 mensis
1100 2517 1200 2604 primi
1231 2538 1317 2583 anno

271 2617 365 2704 regni
380 2617 526 2704 ejusdem
549 2619 674 2705 quinto,
690 2641 847 2686 concessae
869 2621 906 2684 in
927 2619 1195 2686 archidiaconatu
1211 2619 1317 2686 Estri-

272 2717 401 2806 dingiae,
424 2743 483 2807 pro
505 2721 731 2808 spiritualibus
762 2726 797 2785 et
830 2723 1066 2810 temporalibus
1096 2723 1219 2790 nostris
1241 2745 1318 2788 con·

273 2823 420 2908 sumptis.
475 2823 521 2888 Et
559 2822 599 2888 de
637 2824 720 2909 xiiij.
754 2823 857 2904 libris,
892 2846 925 2890 v.
958 2825 1080 2906 solidis,
1111 2826 1138 2910 j.
1174 2826 1318 2903 denario,

273 2926 456 3010 quadrante
479 2975 702 2992 ........
705 2926 714 2964 ¹

312 3158 319 3190 ¹
337 3158 394 3209 The
404 3158 546 3210 remainder
557 3159 586 3208 of
594 3160 638 3210 the
648 3157 773 3210 narrative
799 3175 802 3182 ·
823 3159 866 3210 the
877 3158 1038 3216 msaction,
1047 3158 1090 3209 the
1100 3158 1208 3224 missing
1214 3158 1321 3222 portion,

273 3237 355 3288 inlust
369 3241 404 3303 by
416 3254 431 3288 a
447 3237 528 3289 daiam
544 3237 571 3288 iu
588 3239 631 3289 the
648 3237 773 3303 l'hillipps
799 3253 802 3313 j
822 3239 938 3302 together
949 3237 1010 3287 with
1022 3237 1066 3287 the
1077 3253 1143 3302 copy
1154 3237 1184 3288 ol
1197 3237 1240 3288 the
1256 3237 1321 3298 urit,

273 3317 330 3370 MS.
376 3319 451 3368 Some
474 3319 557 3368 lauras
579 3333 621 3368 ore
652 3317 773 3382 wanting,
800 3320 865 3405 libe
887 3320 1021 3369 aubsmce
1040 3318 1069 3370 oi
1086 3319 1169 3370 which
1187 3318 1209 3370 is
1230 3319 1322 3383 impera

274 3398 395 3462 although
413 3397 482 3448 three
502 3396 553 3447 still
577 3397 672 3447 romain
694 3397 773 3446 blank
799 3416 802 3519 p
822 3399 899 3464 fectly
913 3399 989 3462 given
1005 3399 1033 3448 in
1049 3399 1092 3448 the
1109 3397 1243 3464 preceding
1259 3407 1320 3456 text,

275 3484 302 3526 at
324 3476 366 3526 the
394 3477 443 3527 ond
465 3475 494 3526 of
522 3476 565 3526 the
590 3475 699 3526 volume.
741 3475 771 3524 In
800 3478 844 3542 ¹is
862 3477 975 3542 supplied
991 3475 1056 3527 from
1076 3477 1117 3527 the
1135 3477 1247 3542 Egcrton
1264 3477 1320 3530 MS.

275 3557 348 3606 order
365 3561 392 3604 to
409 3555 531 3620 complete
557 3555 599 3606 the
621 3563 727 3606 account
748 3556 776 3605 of
799 3547 802 3613 1
822 3558 848 3607 in
861 3573 893 3608 an
905 3557 1052 3622 Appendix.
