3546 5872
751 903 937 956 arsurum.
1271 894 1370 958 lxxix

318 1070 471 1130 consimili.
508 1070 595 1138 Item,
626 1074 842 1142 coopertorium
873 1075 953 1132 aliud
971 1075 1008 1130 de
1038 1074 1136 1131 blodic
1165 1093 1233 1131 cum
1263 1083 1368 1150 tapeto.

317 1157 403 1221 Item,
417 1155 475 1212 duo
488 1155 670 1226 coopertoria
688 1156 724 1212 de
738 1173 820 1229 sago,
834 1174 902 1214 cum
913 1158 1029 1230 tapetis.
1061 1159 1251 1230 Ocopertcria
1262 1161 1320 1216 duo
1332 1162 1368 1216 de

317 1239 432 1306 rubeo,¹
451 1255 578 1310 qnorum
599 1237 649 1310 DX]
669 1244 716 1296 est
733 1239 770 1296 de
788 1257 876 1312 opere
894 1243 1003 1298 arseni.
1042 1241 1213 1300 Pulvinaria
1231 1249 1366 1316 quatuor,

318 1339 444 1394 quorum
462 1321 520 1378 duc
538 1321 574 1380 do
592 1339 687 1394 pauno
704 1322 781 1382 lineo
799 1330 920 1382 consuta
938 1330 1007 1381 sunt
1024 1325 1119 1382 cauco
1136 1327 1231 1398 nigro.
1277 1327 1369 1386 Gano-

317 1423 405 1477 psum
428 1423 521 1462 unum
551 1405 588 1464 de
614 1423 710 1479 pauno
726 1407 814 1474 lineo,
842 1413 873 1466 et
895 1409 1065 1466 mantellum
1091 1429 1182 1466 unum
1211 1429 1264 1483 pro
1281 1411 1365 1468 lactc.

315 1489 489 1548 Pulvinaria
506 1489 610 1546 sedilia
620 1508 685 1548 xxx.
723 1489 874 1550 Soauuilia
885 1493 951 1549 duo.
988 1493 1128 1550 Dorscria
1139 1494 1194 1565 iij,
1215 1500 1245 1550 et
1262 1496 1369 1552 costeri

316 1572 356 1644 vj.
392 1572 498 1632 Pelves
516 1573 559 1645 iij.
596 1573 779 1642 Lavacrum,
794 1593 920 1646 quorum
938 1576 996 1634 duo
1013 1575 1148 1648 pendula
1187 1577 1371 1635 Candelabra

316 1673 394 1714 urea
410 1656 454 1728 iij.
473 1661 504 1714 et
520 1656 622 1728 lignea
637 1657 678 1728 vj.
714 1656 840 1716 Andcrae
858 1659 901 1730 iij.
920 1659 1011 1730 paria.
1058 1659 1185 1718 Salssria
1209 1679 1237 1720 v.
1273 1662 1368 1718 Idreae

316 1739 423 1810 lignem
440 1739 577 1811 majores,
597 1745 628 1798 et
646 1741 711 1800 alim
728 1741 835 1814 lignee
853 1743 991 1808 minores,
1010 1743 1071 1815 iij.;
1086 1750 1117 1801 et
1134 1745 1201 1802 clla
1219 1744 1256 1802 de
1273 1747 1368 1802 corrio
1462 1747 1465 1752 “

317 1839 384 1890 sen
403 1829 435 1880 et
452 1823 695 1896 chypynglmyscs
713 1824 744 1896 ij.

706 2021 746 2076 nt
765 2021 799 2078 im
818 2020 979 2096 moppcric.

353 2143 467 2220 Mappoe
487 2147 528 2219 vj.
563 2146 754 2219 Manntergia
763 2147 853 2220 longa
863 2149 906 2219 iij.
946 2148 1097 2221 Oanappes
1116 2149 1159 2220 iij.
1196 2149 1371 2208 Panniliuei

318 2246 373 2301 pro
389 2229 417 2286 le
435 2231 608 2304 ccpburdtj.

648 2404 837 2461 taraiasa
857 2405 890 2460 a
908 2405 1037 2478 aaut.

355 2529 544 2603 Ooopertoria
559 2531 704 2589 lectorum
721 2533 789 2605 iiij,
804 2549 870 2588 cum
889 2533 1011 2589 totidem
1026 2535 1143 2605 tapetis.
1183 2534 1372 2606 Gocpcrtcria

320 2613 382 2670 sinc
400 2615 509 2688 tapetis
526 2633 573 2672 xx.
612 2615 735 2690 Quyltes
754 2617 808 2686 iiij.
844 2617 946 2674 Mattae
976 2617 1035 2690 xvj.
1083 2617 1280 2676 Linthismina
1308 2620 1368 2690 xvj.

318 2697 408 2768 paria.
444 2697 593 2772 Laungels
611 2699 655 2772 iij.
691 2699 827 2758 Pulvillo
845 2699 909 2772 viij.

655 3009 692 3065 Is
716 3023 823 3066 omem
849 3009 1003 3066 Sacnrsrn.

574 3137 615 3194 Ia
632 3155 744 3194 omero
759 3138 843 3210 basra
862 3137 1063 3196 donatoriam.

355 3263 436 3322 (trux
459 3280 567 3338 magua
590 3269 730 3338 argentea
753 3271 783 3324 et
807 3265 957 3332 deaurata,
983 3283 1051 3321 cum
1075 3265 1149 3336 peda
1175 3261 1315 3336 argenteo
1342 3271 1372 3322 et

319 3347 424 3404 baculo
441 3353 590 3420 argenteo.
616 3349 703 3416 Item,
718 3367 791 3406 crux
799 3349 857 3406 elia
871 3349 907 3404 dc
919 3354 1037 3421 gagate.
1060 3347 1146 3412 Item,
1161 3347 1259 3422 imago
1272 3349 1372 3404 Beatae

319 3431 422 3488 naue
440 3431 477 3488 de
501 3432 598 3500 ebore,
617 3451 685 3489 cnm
709 3432 824 3490 duobus
852 3431 965 3504 angelis
984 3429 1199 3488 collateralibus
1224 3433 1372 3502 argenteis

319 3521 349 3572 ct
378 3516 535 3582 deauratis,
570 3534 638 3574 cum
667 3515 853 3572 diversorum
872 3515 1047 3572 Sanctorum
1076 3515 1211 3588 reliqniis
1240 3516 1372 3574 inclusis.

320 3597 407 3666 Item,
427 3617 503 3654 urna
520 3599 680 3656 cristallina
698 3617 767 3656 oum
788 3600 913 3656 diversis
931 3599 1076 3671 reliquiis.
1114 3600 1200 3666 Item,
1220 3599 1373 3656 brachium

322 3680 422 3738 Sancti
440 3681 548 3738 Albani
565 3682 731 3739 involutum
750 3682 887 3756 syndone.
926 3683 1012 3748 Item,
1032 3681 1131 3740 bursae
1150 3683 1268 3740 sericeas
1286 3683 1371 3754 iujo,

320 3783 388 3823 cnm
407 3764 532 3822 diversis
550 3765 693 3840 reliquiis.
729 3765 815 3832 Item,
835 3765 926 3822 bursa
943 3765 1053 3822 nunde
1074 3765 1164 3823 viridi
1182 3765 1295 3824 velveto
1307 3784 1373 3822 con·

320 3850 416 3906 tineus
436 3865 536 3904 nouam
569 3848 668 3904 Sancti
691 3847 854 3914 Malachiae,
886 3848 964 3904 intra
993 3848 1080 3906 aliam
1109 3849 1229 3906 bursam
1253 3849 1370 3906 lineam.

319 3932 407 4000 Item,
427 3932 534 3989 cistula
551 3950 611 3988 uua
628 3937 769 4006 argentea
787 3938 817 3988 et
834 3931 982 3998 deaurata,
1002 3950 1071 3988 cum
1089 3932 1212 3990 diversis
1230 3932 1373 4004 reliquiis.

318 4019 407 4086 Item,
429 4019 536 4076 cistula
564 4019 621 4076 alia
643 4019 680 4074 de
698 4023 815 4091 gagate,
842 4017 977 4074 similiter
995 4036 1063 4076 cum
1081 4019 1205 4076 diversis
1228 4019 1372 4091 reliquiis.

320 4102 408 4170 Item,
427 4101 541 4174 pixides
554 4103 690 4158 eburnam
702 4101 790 4174 iiije„
810 4119 879 4158 cum
896 4101 1039 4174 reliquiis.
1077 4101 1162 4166 Item,
1183 4103 1303 4174 capsula
1315 4121 1374 4158 nna

320 4185 413 4242 rubea
430 4185 554 4258 depicto,
574 4201 643 4242 cum
661 4185 786 4242 diversis
803 4185 948 4258 reliquiis.
984 4183 1130 4254 Reliquias
1148 4190 1248 4240 autem
1267 4186 1299 4240 in
1317 4185 1372 4242 eis-

322 4269 389 4324 dem
413 4273 555 4326 ccnteutae
577 4273 680 4340 postea
698 4273 880 4324 annotantur.
930 4267 1016 4331 Item,
1036 4267 1173 4324 veronica
1190 4285 1250 4324 uua
1267 4268 1372 4324 coloris

321 4352 402 4408 aerei
432 4369 503 4408 auro
539 4351 661 4418 inclusa,
692 4360 781 4424 *qnae
805 4351 913 4408 dicitur
949 4349 1123 4414 Pectorale,'
1154 4368 1221 4408 cum
1251 4351 1373 4406 cathena

322 4441 464 4508 argentea
481 4441 512 4491 et
529 4435 623 4492 anulis
642 4435 749 4501 eureis,
764 4441 794 4491 et
806 4433 980 4506 quibusdam
999 4433 1146 4504 argenteis
1166 4439 1196 4488 et
1213 4433 1370 4496 deauratis,

322 4535 392 4574 oum
408 4517 554 4590 lapidibus
573 4519 710 4590 pretiosis
729 4517 824 4573 eidem
844 4517 988 4588 appensis.
1027 4517 1113 4582 Item,
1133 4516 1256 4571 baculus
1275 4521 1371 4586 pasto·
1403 4559 1406 4565 .

322 4601 394 4658 ralis
412 4607 570 4673 argenteus
591 4607 622 4658 et
639 4601 807 4665 deauratus,
827 4618 894 4655 cum
907 4601 1000 4670 capite
1018 4605 1157 4670 argenteo
1176 4607 1205 4652 et
1223 4598 1371 4653 deaurato.

1332 4719 1371 4728 -ιη

478 4779 487 4812 ¹
505 4778 592 4846 rubeo]
613 4779 686 4831 rubio
696 4779 723 4830 iu
735 4779 801 4842 MS,
813 4779 856 4830 the
867 4793 984 4830 common
995 4777 1060 4831 form
1071 4775 1100 4827 oi
1109 4776 1223 4921 spellipg.

1219 4861 1240 4921 2
