3610 5890
539 891 638 946 nuso
660 891 769 944 nasas
792 896 945 956 ournrus
969 897 1129 946 necinus.
1312 887 1352 950 49

304 1068 427 1149 alium3
457 1070 510 1134 cui
533 1071 576 1135 ad
598 1072 658 1136 hoc
681 1071 848 1158 assignata
870 1076 921 1134 est
943 1070 1523 1136 omnislanaoitraTren·A.D.1an.

306 1177 384 1236 tam.
444 1171 493 1237 Eo
531 1195 609 1238 vero
647 1178 795 1260 tempore
826 1172 976 1237 innotuit
1010 1172 1143 1237 domino
1175 1174 1244 1259 regi
1267 1161 1516 1278 ᾳηοάἱῗὲῗῒξῖῑὴθ

306 1277 448 1338 castrum
482 1275 523 1339 de
558 1275 739 1360 Stryvelyn
777 1296 836 1361 per
874 1273 1005 1339 Scottoe
1043 1274 1254 1340 obsideretur.
1301 1275 1355 1339 Ad
1369 1267 1491 1344 aelielof

305 1373 397 1460 eujus
411 1377 650 1461 protectionem
673 1377 799 1441 domini
822 1375 957 1463 quidam
980 1376 1149 1456 australes,
1173 1359 1509 1487 Willelmusffiffi·

306 1478 346 1544 de
370 1479 484 1561 Bown,
506 1501 613 1546 comes
644 1481 684 1546 de
716 1481 1004 1568 Northamptonia,
1029 1481 1191 1546 Henricus
1215 1483 1255 1547 de
1279 1483 1501 1558 Fer-siegeuby

305 1581 407 1657 rariis,
429 1581 601 1648 «Iohannes
624 1582 664 1646 de
681 1581 894 1661 Bellomonte,
919 1583 1115 1670 Radulphus
1137 1583 1177 1648 de
1203 1583 1356 1662 Stafford,
1369 1559 1507 1612 ‘hem'

307 1682 488 1749 Nicholaus
510 1684 550 1750 de
573 1684 760 1770 Cantilupo,
787 1684 958 1750 Johannas
990 1684 1110 1770 Daroy,
1134 1690 1168 1750 et
1192 1685 1357 1752 Walterus

308 1784 471 1870 Mawnay,
494 1791 752 1872 praesumptuose
776 1783 797 1853 7
819 1785 1010 1872 peregrinos
1032 1807 1067 1849 se
1090 1807 1167 1863 esse,
1192 1807 1267 1850 crun
1289 1789 1357 1852 suis

307 1885 394 1970 peris
425 1891 459 1951 et
493 1886 627 1966 baculis,
659 1875 815 1952 Sanctam
842 1886 1009 1951 Andream
1025 1875 1069 1949 ¹in
1092 1885 1204 1952 Scotia
1235 1893 1357 1954 sanctae

308 1988 580 2074 peregrinationis
618 1989 793 2055 devotione
826 1989 971 2070 visitare,
1005 2009 1131 2053 necnon
1163 1989 1357 2074 praedictum

309 2095 451 2154 castrum
477 2091 645 2158 refutare²
667 2102 702 2157 et
726 2091 767 2156 de
797 2091 998 2156 victualibus
1020 2091 1212 2169 instaurare,
1237 2113 1357 2156 assere-

309 2191 414 2270 bant3
443 2198 477 2257 et
498 2193 578 2259 illuc
599 2194 782 2271 tendentes,
810 2215 930 2280 magna
951 2213 1084 2279 precum
1106 2193 1277 2273 instantia,
1302 2195 1359 2258 do-

309 2293 437 2358 minum
460 2294 643 2360 Henricum
677 2297 718 2360 de
750 2296 854 2380 Percy
885 2295 1094 2382 capitaneum
1128 2301 1163 2360 et
1186 2297 1357 2361 ductorem

309 2395 438 2479 praefati
461 2397 590 2462 itineris
621 2397 815 2462 habuerunt.
863 2397 929 2478 Qui
963 2419 1027 2476 eos,
1061 2397 1176 2462 habito
1208 2398 1359 2463 conflicto

310 2517 384 2560 cum
408 2497 530 2563 Scottis
553 2499 642 2586 apud
657 2499 823 2584 Farniley,
841 2507 874 2563 et
888 2499 987 2564 victis
1003 2498 1134 2576 Scottis,
1149 2499 1360 2564 laudabiliter

310 2598 408 2663 duxit
431 2606 465 2665 et
486 2601 629 2666 reduxit.
676 2600 800 2666 Eodem
823 2622 911 2666 anno
935 2601 1042 2666 Scotti
1057 2602 1267 2667 intraverunt
1289 2603 1359 2666 An-
1372 2618 1513 2670 Thesmts

310 2701 419 2787 gliam,
443 2703 568 2788 patrias
590 2703 816 2789 depraedantes
847 2707 881 2767 et
912 2703 1132 2781 incendentes,
1156 2726 1260 2790 usque
1291 2705 1359 2770 Ex·
1371 2685 1518 2817 ssgffih‘he

311 2803 493 2869 oildesham.
552 2804 638 2870 Cum
662 2804 782 2890 quibus
808 2805 1011 2870 habitatores
1034 2805 1123 2869 illius
1144 2807 1262 2892 patrias
1285 2819 1471 2871 con-borda.

310 2905 477 2987 dixerunt,
501 2911 723 2992 ceperuntque
748 2911 766 2970 5
791 2906 913 2971 milites
936 2907 1074 2984 Scottos,
1099 2909 1266 2974 nonnullis
1289 2909 1363 2974 aliis

311 3007 500 3074 interfectis.
547 3009 627 3072 Post
658 3009 735 3085 haec,
770 3008 855 3074 circa
886 3009 1111 3074 Nativitatem
1134 3008 1279 3086 Domini,
1303 3031 1362 3074 rex
1372 3028 1483 3078 unwani

312 3109 444 3195 Angliae
481 3109 668 3174 Edwardus
705 3109 891 3175 inconsulte
928 3131 1001 3175 cum
1036 3113 1156 3188 20,000
1191 3111 1361 3176 hominum
1371 3095 1476 3209 ᾖξ’

314 3209 460 3275 Scotiam
491 3210 584 3287 adiit,
617 3215 652 3276 et
685 3210 774 3297 apud
807 3211 955 3275 Mauross
987 3233 1046 3296 per
1076 3213 1207 3296 tempus
1228 3211 1362 3296 aliquod
1373 3225 1500 3277 scotland.
1625 3271 1629 3280 .

313 3312 512 3376 morabatur.
557 3313 622 3378 Sed
637 3313 685 3378 ibi
707 3312 793 3377 nihil
816 3312 987 3400 proficiens
1009 3334 1159 3378 reversus
1174 3317 1225 3378 est
1239 3313 1273 3376 in
1291 3314 1363 3376 An·
1373 3326 1489 3376 Touma-

314 3413 424 3498 gliam,
456 3419 490 3479 et
513 3415 602 3501 apud
624 3415 818 3494 Eboracum,
843 3413 1108 3502 Kyugleatonam
1130 3437 1227 3501 super
1251 3400 1508 3509 Rullofflffass}

315 3513 638 3602 Northamptoniam,
672 3516 856 3602 Dunstaple
886 3517 1009 3581 atalia
1037 3516 1118 3597 loca,
1141 3517 1184 3582 ad
1206 3525 1458 3641 magnumiffig,

313 3617 512 3704 profluvium
539 3640 754 3705 expensarum
777 3619 994 3684 hastiludium
1026 3619 1264 3705 frequentabat.
1310 3607 1391 3683 Enp

314 3741 378 3806 quo
408 3719 487 3786 ludo
514 3719 613 3784 multi
643 3721 769 3786 nobiles
792 3721 914 3787 milites
936 3723 1069 3808 Angliaa
1091 3722 1300 3799 interierunt,
1327 3728 1363 3787 et

314 3821 465 3887 nonnulli
488 3822 626 3887 diversis
648 3823 804 3888 membris
826 3829 905 3889 sunt
928 3831 1087 3911 perpetuo
1110 3825 1262 3892 mutilati

319 3976 376 3983 -ω-
597 3978 708 3984 -—

488 4061 496 4092 ¹
514 4061 640 4126 resistcre]
661 4061 716 4112 The
727 4061 833 4128 reading
843 4061 875 4113 of
881 4062 923 4114 the
934 4061 991 4114 Ms.
1003 4061 1043 4113 lor
1053 4064 1191 4129 reficqare?
