3614 5888
509 887 711 948 uranmuue
733 896 1035 963 eenamcenam,
1059 895 1177 948 ansas.
1323 887 1365 950 89

315 1075 464 1140 Peradisi
494 1075 583 1161 quod
620 1076 765 1140 animam
798 1075 897 1154 illiue,
931 1077 968 1140 in
1002 1076 1194 1163 purgatorio
1231 1074 1365 1162 penitus
1380 1088 1448 1140 nl).
1463 1094 1526 1140 1³49

315 1174 510 1256 absolutum,
543 1178 586 1243 ad
623 1178 771 1244 Paradisi
807 1178 931 1266 gaudia
968 1179 1101 1265 penitas
1138 1177 1362 1244 introducant.
1380 1161 1471 1208 '¹³⁵³'

316 1281 559 1346 Accedentibus'
580 1302 660 1346 vero
683 1281 727 1346 sd
750 1281 873 1347 dictam
895 1287 1043 1347 sanctam
1066 1283 1236 1346 ciuitatem
1259 1286 1369 1347 osten-

315 1383 449 1448 deretur
463 1383 641 1453 sudarium
671 1384 808 1449 Domini
837 1387 944 1450 nostri
970 1383 1076 1449 ihesu
1107 1384 1239 1450 Christi.
1295 1384 1368 1464 Quo

315 1485 387 1551 viso
409 1487 452 1551 ab
483 1486 635 1551 omnibus
669 1487 809 1573 peccatis
841 1487 910 1551 suis
941 1487 1085 1552 absoluti
1113 1486 1232 1563 forent,
1255 1489 1289 1550 'et
1319 1487 1369 1550 in-

317 1587 522 1674 dulgentiam
559 1587 721 1654 habcrent
759 1589 800 1654 de
843 1589 974 1669 endem,
1013 1591 1171 1655 reducens
1214 1590 1289 1654 illos
1327 1589 1370 1654 ad

316 1695 441 1756 statum
463 1691 559 1758 illum
581 1692 618 1755 in
640 1712 705 1777 quo
727 1695 831 1770 erant,¹
853 1691 908 1756 die
929 1710 994 1777 quo
1017 1703 1146 1757 sacrum
1168 1692 1369 1779 baptismmn

316 1797 517 1880 receperunt.
564 1793 847 1880 Confirmavitque
877 1815 990 1859 omnes
1019 1793 1244 1881 indulgentias
1274 1817 1369 1881 quas-

317 1916 444 1982 cunque
469 1901 533 1964 200
556 1905 760 1962 summorum
777 1897 973 1984 pontificum
997 1919 1170 1976 concessas,
1194 1909 1268 1984 quae
1291 1903 1369 1972 sunt

317 1999 580 2087 innumerabiles.
626 1985 734 2079 Unde,
751 2021 794 2065 ex
816 2001 907 2066 omni
921 2005 1016 2088 perte
1039 2005 1210 2080 terrarum,
1227 1996 1368 2088 populus

317 2103 571 2169 innumerabilis
594 2105 765 2190 utriusque
796 2125 893 2170 sexus
919 2106 963 2171 ed
989 2106 1137 2182 Romam,
1161 2111 1295 2192 propter
1317 2107 1368 2170 in-

318 2207 505 2294 dulgentias
541 2205 755 2293 supradictos,
782 2207 854 2294 ipso
885 2229 972 2273 anno
1004 2211 1046 2272 50
1073 2208 1212 2294 jubilaeo
1250 2227 1368 2272 conro-

317 2309 410 2374 lavit.
468 2309 593 2374 Fuerat
627 2313 739 2374 eutem
768 2308 856 2375 idem
886 2333 973 2398 papa
1005 2310 1156 2376 Clemens
1179 2315 1199 2376 6
1223 2309 1368 2375 lubricus
1383 2313 1495 2363 lascivi-

318 2411 414 2478 valde
436 2412 473 2476 in
495 2417 568 2477 tota
590 2411 664 2476 vita
685 2432 753 2478 sua.
798 2411 888 2477 Nam
903 2411 1029 2478 solebat
1051 2413 1143 2478 omni
1164 2418 1267 2490 nocte,
1290 2381 1526 2510 horassssffiff

319 2535 535 2601 vesperarum,
550 2519 626 2600 post
648 2515 849 2580 audientiam
869 2515 1094 2594 cardinalium,
1109 2515 1265 2581 adhibere
1287 2516 1369 2601 pub·
1383 2521 1453 2564 ment
1464 2515 1514 2566 VI·

319 2618 416 2683 licam
439 2617 644 2683 audientiam
659 2617 811 2682 omnibus
825 2619 986 2683 matronis
1004 2621 1040 2683 et
1061 2618 1210 2682 honestis
1225 2617 1370 2684 foeminis

320 2719 508 2786 volentibus
530 2720 697 2786 advenim
743 2711 887 2785 Demum
913 2721 1014 2806 aliqui
1037 2725 1172 2808 pmptcr
1198 2719 1258 2786 hoc
1281 2715 1371 2786 oblo-

320 2830 457 2911 quentes
480 2827 649 2910 ooeperunt
672 2827 779 2888 astare
793 2823 901 2888 valvis
922 2823 1049 2910 palatii,
1065 2827 1100 2888 et
1114 2827 1237 2889 secreto
1257 2842 1370 2889 nume-

320 2949 391 2993 rare
413 2929 577 2992 intrantes
600 2931 635 2992 et
664 2927 763 2992 etiam
795 2930 955 2991 exeuntes
981 2926 1134 2991 ioemines
1157 2927 1369 3012 supradictas.

322 3032 470 3116 Cumque
485 3031 547 3094 hoc
561 3029 714 3116 plurimis
729 3029 846 3094 diebus
860 3029 1020 3106 fecissent,
1031 3049 1158 3114 semper
1172 3029 1210 3092 in
1224 3047 1372 3115 regressu

321 3133 439 3198 deiecit
464 3153 533 3197 una
562 3131 603 3197 de
636 3152 773 3196 numero
803 3131 1009 3196 intrantium.
1056 3129 1205 3216 Cumque
1239 3147 1281 3196 ex
1312 3132 1373 3196 hoc

321 3235 427 3301 multa
463 3235 618 3300 scandala
655 3239 690 3300 et
734 3233 957 3299 oblocutiones
998 3234 1172 3314 orirentur,
1209 3227 1373 3299 confessor

322 3338 447 3405 domiui
479 3357 577 3425 papae
615 3337 733 3423 sapius
778 3337 954 3402 amonebat
992 3353 1069 3402 enm
1106 3337 1148 3401 de
1184 3335 1372 3424 hujusmodi

321 3442 486 3521 desistere,
520 3445 555 3505 et
592 3444 680 3505 caste
717 3453 755 3505 'ac
792 3439 922 3505 cautius
959 3441 1082 3505 rivere.
1142 3439 1209 3505 Sed
1246 3456 1373 3525 semper

321 3543 508 3629 hujusmodi
530 3564 721 3630 responsum
743 3540 928 3622 referebat3
963 3542 1138 3622 “Quando
1155 3543 1290 3629 jubenis
1310 3542 1373 3607 fui-

323 3655 339 3682 “
361 3668 435 3712 mus
456 3647 518 3711 hoc
540 3647 593 3712 usi
613 3661 735 3723 sumus,
759 3650 794 3710 et
825 3646 913 3731 quod
942 3643 1079 3710 fecimus
1109 3645 1209 3711 modo
1235 3645 1372 3711 fecimus

321 3759 403 3816 “ex
425 3748 560 3814 consilio
582 3745 812 3814 medicorum?
857 3747 943 3814 Cum
957 3753 1070 3814 etitem
1092 3759 1177 3835 papa
1199 3749 1373 3834 perpendit

321 3853 438 3918 fratres
460 3868 535 3916 suos
557 3851 738 3916 cardinales
761 3841 796 3916 et
818 3851 986 3916 auditores
1001 3859 1039 3915 tc
1062 3856 1197 3917 caeteros
1220 3851 1260 3916 de
1283 3851 1374 3916 ouria

322 3955 364 4021 de
386 3955 446 4021 hoc
469 3949 602 4039 obloqui
624 3959 660 4019 et
682 3975 896 4031 murmurare,
921 3954 1063 4039 quodam
1091 3953 1144 4018 die
1166 3953 1314 4018 deferens
1336 3954 1373 4018 in

323 4057 397 4124 sinu
420 4078 479 4123 suo
493 4065 598 4121 unum
620 4077 759 4143 parvum
781 4057 915 4143 nigmln
936 4055 1093 4134 libellum,
1108 4056 1144 4120 in
1167 4075 1232 4142 quo
1254 4057 1374 4143 scripta

321 4161 440 4226 habuit
462 4161 597 4225 nomine
618 4159 822 4224 diversorum
844 4157 1116 4245 praedeeessorum
1131 4177 1265 4224 suorum
1287 4177 1373 4224 sum·

322 4281 448 4329 morum
473 4261 666 4351 pontificum
682 4262 740 4348 qul
762 4261 881 4326 lubrici
895 4266 929 4327 et
951 4261 1195 4328 incontinentes
1215 4261 1373 4342 fuerunt,1

322 4367 568 4445 demonstravit,
585 4387 628 4431 ex
649 4366 746 4430 factis
769 4365 915 4452 ipserum
930 4364 1053 4430 ibidem
1068 4365 1269 4452 conscriptis,
1285 4365 1373 4452 quod

322 4472 385 4558 ipsi
417 4469 534 4535 melius
563 4471 722 4534 rexerunt
752 4467 921 4533 eeclesiam
955 4468 989 4532 et
1021 4467 1128 4533 multa
1160 4467 1255 4555 plura
1286 4468 1373 4532 bona

322 4575 470 4639 secemmt
508 4591 607 4658 quam
644 4569 702 4636 alii
741 4570 955 4635 continentes.
1019 4569 1143 4634 Eodem
1180 4571 1280 4634 etiam
1318 4569 1372 4634 die

960 4737 1011 4742 ..-
1019 4737 1035 4741 -
1039 4737 1052 4742 ..
1057 4737 1074 4742 —
1087 4737 1180 4742 --......
1184 4737 1360 4746 ——....-—.

583 4832 590 4896 ¹.
608 4831 804 4895 mfrennt,
814 4831 1003 4894 etiusertedin
1014 4829 1057 4881 the
1067 4827 1124 4880 MS.
