3614 5888
455 876 519 946 174
631 891 835 943 manneus
856 885 965 942 sams
986 887 1143 942 ocrlvus
1165 887 1325 942 nronrcs.

284 1080 354 1132 sn.
368 1083 433 1135 rats
453 1066 556 1133 orosto
579 1071 696 1134 vocato
729 1069 761 1132 le
784 1065 958 1147 Freocroit,
981 1066 1018 1131 in
1051 1065 1198 1132 dominio
1219 1067 1262 1132 de
1284 1063 1505 1154 Ootynghsm,

453 1191 528 1255 quac
550 1170 594 1234 ad
615 1173 724 1234 totam
747 1169 856 1234 vitam
879 1189 974 1234 suam
996 1167 1170 1250 habuerat,
1193 1175 1228 1234 et
1249 1167 1449 1256 prescriptis
1464 1171 1507 1232 20

453 1272 628 1357 quarteriis
650 1271 811 1338 frumenti
833 1276 869 1337 et
892 1271 994 1353 ordei,
1011 1271 1184 1338 duntaxat
1206 1269 1375 1360 exceptis.1

285 1153 375 1199 -1396,

285 1566 372 1618 1111.
453 1557 501 1622 ΙΙ.
527 1557 577 1624 Dc
607 1555 732 1624 abaco
766 1552 969 1622 namot
996 1552 1240 1641 archicpiscopi
1273 1552 1316 1620 titt
1348 1549 1506 1618 amasio

541 1659 584 1726 de
605 1657 768 1744 chhaa,
794 1662 824 1724 ct
842 1655 1042 1724 haematite
1068 1655 1248 1744 aposita
1269 1655 1313 1722 in
1334 1649 1470 1721 codca²

286 1831 412 1897 Waghns
497 1809 577 1876 Post
591 1809 670 1890 haec,
686 1809 840 1874 dominus
855 1803 1067 1873 Alexander⁸
1082 1805 1229 1888 Novelle,
1245 1804 1504 1892 archiepiscopus

286 1909 412 1961 0¹⁸i¹1¹0f
453 1913 675 1990 Eborscensis,
711 1912 797 1977 sicut
831 1915 865 1974 et
897 1909 1050 1974 dominus
1072 1907 1239 1974 Walterus
1262 1907 1355 1994 Gray
1378 1907 1504 1972 dudum

286 1977 414 2027 thearoh·
1189 2009 1197 2026 ,
1401 2009 1408 2025 ,
1438 2010 1445 2024 ,

286 2041 375 2108 bishop
387 2044 416 2094 of
453 2014 667 2101 praedecessor
689 2035 768 2078 suus
790 2011 919 2090 fecerat,
943 2015 1053 2076 totum
1073 2031 1258 2076 manenum
1272 2015 1307 2076 et
1322 2009 1504 2075 domimum

285 2110 542 2182 Yorktothevfflae
564 2117 605 2181 de
628 2115 790 2202 nghns,
814 2117 935 2200 praeter
956 2111 1037 2198 xxij.
1068 2111 1208 2178 bovatas
1242 2117 1340 2179 terrae
1362 2117 1504 2189 tantum,

285 2191 382 2228 manos.
453 2223 494 2284 ut
511 2217 567 2304 jus
590 2239 687 2284 suum
710 2215 932 2297 vendicabat;
961 2211 1130 2280 asserens⁴
1157 2215 1407 2302 praedecessores
1431 2235 1505 2279 suos

455 2321 560 2386 dictas
584 2323 627 2386 22
650 2319 791 2385 bovatas
823 2323 922 2384 terres
956 2315 1052 2382 nobis
1084 2321 1218 2382 tantum
1250 2316 1437 2400 contulisse,
1472 2321 1505 2380 et

454 2422 618 2510 reliquum
651 2421 733 2488 dicti
768 2419 908 2486 manerii
945 2419 1235 2506 praedecessoribus
1269 2419 1347 2502 suis,
1373 2419 1438 2485 sibi
1471 2423 1506 2486 et

455 2527 695 2593 suecessoribus
711 2522 786 2604 suis,
804 2521 1054 2610 archiepiscopis
1069 2521 1339 2602 Eboracensibus,
1354 2521 1505 2589 debuisse

454 2651 644 2711 remanere3
668 2627 756 2716 quod
784 2632 818 2692 et
852 2625 1021 2691 fatebatur
1058 2647 1127 2703 nos,
1150 2625 1274 2712 absque
1295 2623 1505 2691 feoffamento

454 2733 574 2818 aliquo,
589 2731 752 2798 violenter
772 2725 956 2794 invasisse.⁶
1011 2725 1224 2814 Quapropter,
1249 2725 1375 2793 dictum
1398 2751 1506 2793 mane·

454 2836 540 2898 rium
563 2835 605 2899 de
627 2831 782 2920 nghna
803 2853 862 2918 per
884 2851 980 2894 suum
1005 2827 1219 2894 senescallum
1234 2827 1408 2916 capitalem
1423 2853 1505 2918 prae·

454 2935 630 3022 cipitanter
652 2935 783 2999 intrans
806 2938 841 2998 et
864 2931 1006 3010 seisiens,
1038 2953 1149 2996 omnes
1183 2937 1335 2998 tenentes
1360 2933 1505 3019 ejusdem

454 3037 593 3103 manerii
623 3037 775 3103 districte
797 3033 969 3122 prohibuit
999 3035 1111 3098 firmas
1135 3033 1262 3120 aliquas
1288 3039 1348 3099 aut
1369 3035 1506 3100 servitia

454 3141 577 3206 ibidem
600 3139 696 3204 nobis
719 3139 833 3204 debita
855 3135 1043 3223 aliqualiter
1073 3135 1239 3217 exhihere,
1265 3142 1323 3201 aut
1345 3135 1440 3201 nohis
1465 3137 1505 3201 de

288 3257 442 3312 meslete
454 3249 573 3309 caetero
596 3241 634 3308 in
655 3241 766 3328 aliquo
781 3239 849 3306 fore
871 3236 1103 3305 intendentes.⁶
1148 3237 1219 3304 Nos
1234 3261 1320 3326 ergo,
1336 3239 1506 3328 superbae

288 3327 420 3443 ’ἓξὲξ
456 3345 627 3411 exactione
664 3343 806 3407 nimium
843 3341 983 3421 anxiati,
1015 3341 1099 3407 circa
1136 3339 1322 3428 repulsam⁷
1361 3341 1507 3428 ejusdem

289 3408 439 3522 igreement
457 3447 636 3513 exactionis
671 3449 704 3509 et
738 3443 818 3509 dicti
853 3443 992 3509 manerii
1014 3443 1232 3509 retentionem
1256 3464 1314 3509 seu
1336 3466 1506 3532 recupera

456 3549 580 3614 tionem
612 3545 817 3612 sollicitiores
839 3550 873 3610 et
896 3545 1044 3612 dolentes
1078 3545 1183 3632 magis
1213 3543 1387 3624 fireramus,
1419 3545 1506 3632 quod

456 3649 627 3716 reeordum
661 3647 747 3726 inde,
777 3652 925 3734 tempore
955 3645 1037 3713 dicti
1059 3645 1200 3712 Walteri
1223 3646 1315 3736 Gray
1345 3647 1506 3736 archiepi-

458 3753 546 3840 scopi
568 3757 602 3816 et
624 3749 758 3816 Ricardi
780 3747 912 3816 abbatis
935 3751 1041 3816 nostri
1063 3747 1095 3832 ¹7,
1117 3773 1215 3838 super
1236 3747 1427 3838 hujusmodi
1450 3772 1507 3816 ex-

465 3917 470 3921 .
497 3914 576 3920 .-
595 3913 676 3919 ——-—
729 3913 853 3918 —..-..—-
1043 3913 1509 3922 .---—-—-—-——-—-

494 3995 502 4028 ¹
519 3995 576 4045 The
587 3993 718 4060 following
729 3996 812 4045 words
828 4009 920 4059 appear
936 3993 964 4044 in
1007 3995 1088 4046 rarios
1099 3994 1232 4048 &verimi
1243 4003 1269 4048 ct
1279 3995 1407 4048 coertione
1419 4011 1509 4046 eorun-

460 4075 502 4126 the
512 4073 626 4138 Egerton
643 4073 699 4126 MS.
712 4089 740 4124 ss
756 4073 799 4125 the
816 4073 963 4124 conclusion
1006 4075 1077 4135 dems
1090 4076 1122 4126 de
1127 4075 1304 4141 perquisitione
1310 4082 1508 4126 tenementorcm

462 4155 494 4205 of
505 4154 548 4205 the
562 4157 600 4203 ist
610 4153 721 4218 chapter,
732 4153 831 4220 though
847 4154 908 4220 they
921 4167 964 4204 sre
1006 4153 1034 4204 in
1045 4153 1171 4219 Waghna,
1182 4155 1212 4206 P.

460 4240 507 4284 not
527 4232 607 4283 found
627 4232 654 4282 in
672 4233 716 4283 the
734 4231 861 4298 Phillipps
880 4231 959 4284 nse
1039 4231 1145 4285 ⁸Alter
1155 4233 1438 4295 Alexander-incende.
1449 4233 1480 4285 P.

460 4316 478 4342 “
495 4319 619 4364 nostrast
635 4312 815 4364 memterium
828 4311 965 4362 innosmet
1040 4313 1192 4380 *ascend
1212 4313 1328 4378 mermi,
1337 4314 1367 4365 P.

462 4398 479 4422 ‘¹
496 4393 564 4459 ipsos
575 4401 665 4458 sponte
681 4399 707 4443 et
722 4393 837 4458 primitus
853 4407 963 4456 sumpse·
1039 4392 1049 4424 ⁶
1066 4399 1090 4444 et
1101 4391 1218 4459 reliquum
1234 4431 1240 4444 .
1259 4393 1410 4458 dcccdccc]
1429 4399 1509 4444 went·

463 4475 479 4501 “
497 4488 591 4535 mnus,
601 4488 632 4523 sc
647 4473 759 4536 ipsorum
775 4471 964 4522 mmdsuonem
1006 4471 1091 4538 ingin
1102 4473 1132 4524 P.

461 4556 478 4582 “
494 4560 520 4603 et
547 4551 729 4617 reparationem
761 4550 808 4601 soli
842 4551 964 4602 hatenus
1040 4550 1051 4582 ⁶
1067 4550 1156 4602 dictm
1166 4555 1296 4602 matos
1309 4591 1316 4604 .
1328 4591 1335 4604 .
1346 4552 1507 4620 amdam]

462 4635 478 4659 ‘⁴
495 4631 673 4682 consuevimus
684 4627 854 4695 supportare.”
1007 4645 1094 4682 omnes
1117 4637 1232 4683 tenentn
1260 4631 1353 4683 ibidem
1382 4631 1512 4698 prohibuit

497 4710 507 4742 ²
525 4719 548 4760 et
565 4749 571 4761 .
591 4749 598 4762 .
616 4710 706 4776 eodm]
726 4713 757 4760 de
776 4708 901 4760 ablatione
918 4709 964 4760 soli
1006 4709 1079 4762 nobis
1091 4709 1203 4776 aliquam
1214 4709 1314 4764 firmam
1325 4711 1451 4778 exhibere,
1462 4711 1494 4762 P.

461 4789 541 4841 nostri
551 4804 630 4853 prope
640 4790 709 4852 ripas
721 4792 752 4840 de
760 4789 840 4840 Hullo
851 4803 895 4854 per
906 4805 963 4854 ope·
1039 4787 1258 4857 ⁷cireorepulscm]
1265 4789 1511 4856 sdrepuleionem‚1’.
