3614 5888
484 869 547 932 158
683 880 861 932 noenum
882 877 991 932 ΔΒΒΔΒ
1012 877 1144 931 sust
1165 877 1328 930 bromus.

313 1072 382 1124 nn.
396 1058 521 1124 recede
543 1079 621 1146 pecc
643 1062 834 1138 tractarent,
872 1079 910 1124 ac
944 1059 1052 1124 dictus
1084 1057 1234 1144 princeps
1269 1075 1381 1120 omnes
1413 1075 1526 1120 eorum

478 1161 655 1248 petitiones
670 1161 713 1228 ed
727 1183 840 1249 pecem
855 1160 1073 1241 concessisset,
1090 1181 1151 1224 rex
1165 1161 1235 1246 ipse
1251 1158 1400 1224 Francioe
1414 1179 1528 1244 pacem

477 1264 586 1330 noluit
607 1264 673 1330 nisi
694 1263 784 1330 idem
806 1263 957 1350 princepe
995 1267 1030 1328 et
1068 1283 1181 1328 omnes
1203 1261 1254 1326 sui
1291 1265 1462 1348 magnetes
1494 1281 1528 1325 ee

478 1367 652 1433 redderent
675 1367 823 1454 captivos
847 1370 882 1431 et
904 1371 1014 1432 totum
1036 1365 1157 1452 vulgus
1172 1363 1382 1430 occideretur.
1429 1361 1528 1429 Oum-

480 1491 544 1555 que
566 1469 745 1536 cerdineles
767 1473 802 1534 et
825 1469 939 1534 nuntii
962 1489 1056 1556 pepae
1081 1467 1142 1533 hoc
1165 1487 1360 1554 responsum
1383 1465 1484 1532 flnsle
1508 1487 1529 1530 e

482 1572 616 1638 Francis
638 1571 810 1650 heberent,
836 1571 1018 1638 noluerunt
1041 1571 1167 1636 dictum
1193 1569 1372 1658 principem
1388 1567 1529 1634 ulterius

480 1674 629 1762 setigero,
656 1675 723 1752 sed,
747 1674 827 1740 dete
849 1695 909 1740 sue
931 1673 1168 1752 benedictione,
1191 1693 1225 1737 se
1238 1674 1472 1746 retraxerunt3
1495 1678 1529 1737 et

481 1777 596 1842 stetim
618 1775 782 1842 exercitus
804 1777 973 1864 congressi
987 1782 1066 1842 sunt
1087 1779 1122 1841 et
1144 1774 1263 1840 cecidit
1277 1773 1420 1840 victorie
1433 1795 1530 1861 super

314 1879 439 1932 Nemeen
481 1879 615 1966 Angloe
662 1879 762 1967 Oepti
795 1884 875 1944 sunt
910 1901 987 1966 crgo
1026 1877 1196 1944 Johennes
1224 1898 1285 1942 rex
1309 1875 1457 1942 Frenoiae
1495 1881 1529 1942 et

313 1948 454 2066 ffl‘ffi
482 1981 654 2068 Philippus
675 1982 765 2047 filius
795 1983 865 2069 ejus
888 2003 995 2048 comes
1023 1981 1192 2058 Picteviae,
1222 1980 1393 2067 episcopus
1427 1981 1529 2045 Seno-

314 2081 432 2145 captives
482 2084 601 2164 nensis,
616 2084 751 2150 comites
768 2088 819 2164 10,
843 2085 981 2150 berones
1005 2087 1057 2161 20,
1079 2082 1227 2148 homines
1242 2082 1285 2147 ed
1307 2103 1400 2146 nrme
1422 2085 1529 2160 2000,

482 2191 517 2254 et
538 2187 596 2254 elii
612 2189 684 2254 500.
731 2186 856 2256 Mortui
878 2192 990 2252 eutem
1011 2185 1146 2252 filerunt
1161 2207 1204 2250 ex
1218 2189 1314 2272 perte
1329 2183 1529 2250 Francorum

483 2289 653 2376 episcopus
677 2286 921 2366 Oebelonensis,
945 2287 1043 2354 duces
1066 2286 1455 2366 connecteremus
1478 2290 1530 2362 18,

483 2392 631 2460 homines
660 2391 704 2458 cd
727 2413 819 2458 erme
842 2395 948 2472 2000,
972 2395 1006 2458 et
1028 2389 1086 2456 elii
1110 2394 1183 2457 800.
1229 2389 1275 2456 Et
1297 2393 1375 2456 ente
1405 2390 1529 2456 dictum

483 2494 633 2582 praelium
657 2494 746 2581 cepti
770 2493 904 2562 fuerunt
928 2497 963 2562 et
984 2495 1108 2562 mortui
1130 2493 1167 2560 in
1192 2493 1312 2559 itinere
1338 2492 1473 2560 comites
1496 2497 1531 2557 et

482 2595 623 2663 beroncs
638 2601 667 2676 4,
682 2596 831 2662 homines
845 2596 889 2661 ed
903 2617 996 2662 erme
1011 2600 1089 2662 400.
1135 2595 1186 2662 De
1200 2595 1401 2684 prescriptis
1416 2601 1529 2660 eutem

483 2699 570 2764 vivis
600 2713 635 2764 et
656 2698 804 2778 mortuis,
827 2697 931 2785 ceptis
965 2704 1000 2764 et
1028 2698 1219 2778 interfectis,
1249 2697 1384 2764 fuerunt
1405 2697 1533 2762 milites

317 2801 442 2856 Numbers
485 2805 581 2884 1‚000
619 2801 744 2867 vexille
780 2805 815 2866 et
851 2821 997 2888 psnones
1041 2805 1219 2890 portantes,
1278 2799 1352 2866 Rex
1396 2799 1530 2886 quidem

316 2873 436 2938 ‘nim
484 2905 631 2972 Frenciae
660 2903 779 2970 hebuit
792 2903 916 2970 ibidem
938 2904 1086 2973 homines
1109 2903 1151 2970 ed
1173 2925 1265 2968 erme
1290 2906 1401 2984 8,000‚
1417 2908 1452 2969 et
1475 2927 1531 2991 pe·

484 3008 607 3074 destres
623 3009 729 3087 3‚000.
775 3007 821 3072 Et
836 3007 987 3095 princeps
1001 3007 1057 3072 ille
1072 3007 1256 3072 Edwardus
1270 3005 1393 3072 hebuit
1406 3005 1532 3072 ibidem

484 3110 633 3177 homines
655 3109 699 3175 ed
730 3131 821 3174 erme
843 3113 949 3188 3,000‚
988 3115 1023 3176 ct
1053 3109 1242 3198 segitterios
1265 3113 1363 3188 2000
1387 3113 1530 3176 tentum.

317 3207 405 3261 Killec
415 3225 449 3262 ⁰¹¹
484 3211 535 3278 De
550 3211 697 3279 exercitu
719 3218 830 3278 eutem
843 3211 948 3300 ipsius
962 3211 1118 3299 principis
1134 3212 1229 3278 occisi
1244 3215 1378 3279 tentum
1396 3212 1532 3278 fuerunt

317 3277 427 3394 iffi&
487 3319 529 3383 60
552 3311 721 3393 homines1
758 3315 848 3379 inter
879 3335 961 3400 quoe
983 3317 1004 3379 4
1026 3313 1174 3380 homines
1203 3315 1247 3380 ed
1280 3337 1373 3381 erme
1397 3315 1532 3381 fuerent

318 3409 433 3476 English.
486 3417 677 3512 computati
722 3415 826 3482 Fecte
855 3420 968 3482 eutem
1004 3413 1070 3481 fuit
1106 3415 1177 3484 haec
1214 3417 1363 3497 victorie,
1396 3418 1531 3484 vidente

321 3517 368 3582 [1⁹
380 3519 463 3586 eope]
487 3520 577 3585 dioto
611 3517 776 3584 cerdinele
806 3517 1066 3606 Petregoricensi
1088 3523 1124 3585 et
1160 3519 1256 3588 sociis
1292 3520 1368 3600 suis,
1391 3522 1428 3585 in
1448 3542 1530 3608 pree

317 3627 450 3680 murren-
487 3619 603 3707 vigilie
624 3619 738 3716 Sancti
762 3619 900 3686 Metheei
922 3621 1061 3710 epoetoli
1082 3643 1170 3688 enno
1193 3623 1387 3711 supradicto.
1442 3623 1532 3710 Rege

317 3693 463 3826 §3302an
486 3723 591 3812 igitur
606 3721 755 3789 Frenciee
769 3723 815 3789 sic
829 3729 924 3812 cepto
940 3723 1025 3788 etin
1039 3723 1234 3812 captivitate
1256 3725 1404 3808 detento,
1427 3727 1464 3790 in
1477 3747 1531 3792 00.

318 3825 443 3942 ffihsslsof
485 3825 605 3891 mitive
619 3825 700 3892 dicti
715 3825 872 3892 Edwardi
893 3825 1050 3914 principis
1065 3825 1195 3893 Welliae
1209 3827 1271 3894 sub
1286 3827 1375 3894 bone
1390 3831 1425 3893 et
1440 3827 1532 3894 selve

347 3893 465 3960 „ng
484 3929 634 3996 custodie
648 3929 685 3994 in
695 3927 891 3996 Vasconiem
905 3928 1071 4016 perducto,
1088 3927 1241 3996 dominus
1255 3951 1341 4018 pepe
1352 3935 1434 3997 tunc
1445 3929 1528 3995 Avi·

485 4032 595 4098 nionoe
617 4036 652 4099 ct
673 4031 862 4110 cardinales,
877 4031 1065 4118 hujusmodi
1075 4033 1261 4100 rumoribus
1283 4031 1414 4116 auditis,
1436 4033 1531 4121 grevi

485 4133 592 4201 cordis
613 4133 725 4200 dolore
747 4133 886 4200 seucieti
900 4132 1056 4218 fuenmt3
1077 4133 1245 4222 nimioque
1267 4157 1388 4226 pevore
1411 4141 1533 4224 perter-

485 4237 545 4302 riti
566 4235 702 4304 nuntios
724 4235 873 4302 solennes
896 4235 984 4302 dicto
1007 4235 1157 4326 principi,
1178 4259 1253 4304 cum
1275 4237 1394 4306 litteris
1417 4237 1529 4326 depre-

321 4353 468 4433 'Ifrevelsof
486 4339 618 4407 cetoriis
640 4361 700 4428 pro
723 4339 812 4406 dioto
842 4361 918 4428 rege
952 4337 1109 4419 Franciae,
1139 4340 1357 4408 destinarunt.
1405 4341 1529 4408 Eodem

320 4421 442 4540 ἓξὲξ
486 4465 582 4526 enno,
604 4443 772 4512 Johennee
786 4441 828 4508 de
851 4441 1065 4526 Mendeville‚
1080 4443 1174 4511 miles
1196 4442 1368 4534 Anglicus,
1392 4445 1428 4510 in
1452 4444 1533 4510 ville

320 4553 388 4605 rme.
486 4547 600 4615 Sencti
623 4545 747 4612 Albani
769 4545 936 4624 oriundus,
950 4551 1125 4633 postquem
1147 4545 1184 4612 in
1199 4551 1242 4615 36
1265 4548 1362 4612 annis
1377 4569 1434 4634 per
1457 4547 1532 4612 uni·

695 4795 1317 4866 ¹seecmea,enmmpeeoneene
