3610 5890
559 893 657 942 suso
680 892 789 942 mass
811 893 964 954 Qumrus
986 895 1149 945 nnoruus.
1350 879 1371 950 7

326 1071 438 1132 nostra
467 1069 509 1135 de
531 1068 691 1150 Amatis,
716 1070 880 1136 Rowtona
910 1075 944 1134 et
978 1069 1176 1156 Hayholmo,
1199 1089 1274 1133 oum
1304 1069 1527 1134 asisanum

326 1172 546 1256 pertinentiis,
569 1173 613 1238 ad
635 1178 741 1238 totam
763 1173 869 1238 vitam
892 1195 985 1238 suam
1009 1171 1272 1239 concedebamus.
1317 1172 1349 1236 A

325 1273 417 1357 cujus
439 1275 667 1340 conventionis
689 1275 906 1357 securitatem,
922 1276 1028 1340 eidem
1049 1277 1086 1340 in
1108 1275 1198 1339 milis
1219 1273 1314 1340 libris
1336 1276 1372 1340 in

245 1383 247 1389 '
324 1377 516 1443 cancellaria
538 1377 665 1442 domini
686 1379 772 1466 regis
795 1380 1008 1466 cognovimus
1039 1378 1184 1464 obligari
1231 1378 1280 1442 At
1301 1378 1372 1463 ipso

324 1478 496 1563 praefatam
541 1481 709 1547 eeclesiam
753 1481 848 1546 nobis
893 1482 1136 1569 imperpetuum
1173 1479 1372 1566 resignabat.

281 1647 288 1660 ,
325 1579 391 1646 Sed
412 1603 487 1647 oum
509 1605 692 1670 perunum
722 1605 846 1648 annum
876 1588 1009 1649 tantum
1038 1585 1195 1671 praefatus
1219 1582 1372 1648 dominus

324 1681 494 1750 Johannes
517 1686 621 1752 dictas
655 1683 824 1772 octoginta
855 1707 979 1752 marcas
1009 1709 1030 1750 a
1062 1687 1158 1752 nobis
1180 1687 1370 1772 perciperet,

1350 1173 1372 1236 d
1382 1153 1472 1201 4349.

324 1785 410 1873 ipsas
442 1790 612 1876 octoginta
645 1811 779 1868 marcas,
811 1811 872 1875 pro
905 1795 977 1856 toto
1012 1788 1101 1874 quod
1138 1788 1314 1854 habuimus
1336 1790 1372 1854 in

324 1888 530 1977 Otringham
554 1891 757 1979 Dymeltona
787 1897 821 1957 61
847 1892 984 1974 ,Rowtb
1015 1895 1136 1978 praeter
1165 1891 1298 1957 boscum
1330 1892 1371 1956 (16

323 1989 447 2058 Rowth
469 1994 533 2059 sibi
554 1995 599 2059 ad
629 1996 808 2060 terminum
838 1993 919 2060 vitae
947 2015 1015 2058 suae
1035 1993 1253 2072 retinendum,
1276 1992 1371 2058 nobis

322 2094 521 2178 relaxabat3
559 2103 593 2163 61
631 2119 691 2163 666
729 2098 772 2163 ad
822 2097 1098 2163 sustentationem
1135 2096 1293 2162 cantoriae
1330 2095 1370 2160 de

324 2196 528 2285 Otringham,
552 2206 587 2266 et
609 2222 692 2266 onus
720 2200 887 2287 pensionis
913 2199 1029 2285 prioris
1058 2199 1100 2264 (16
1126 2200 1371 2285 Brydiingtona

323 2299 454 2380 ibidem,
469 2308 665 2369 teneremur.
710 2303 800 2368 Nam
814 2303 886 2389 ipsa
908 2302 1054 2368 maneria
1076 2307 1111 2368 61
1133 2301 1222 2367 villa
1244 2301 1285 2366 (16
1307 2301 1495 2366 Ar-Hethen

322 2403 431 2484 661116,
456 2405 626 2484 Rowtona,
651 2403 849 2492 Hayholmo‚
873 2404 1079 2492 Otringham,
1103 2404 1305 2490 Dymsltona
1336 2385 1515 2494 etfhrgffir

323 2505 454 2587 Roweh,
475 2508 657 2575 radantiam
683 2513 816 2573 centum
845 2508 1004 2572 librarum
1033 2509 1208 2572 annuatim
1237 2507 1370 2574 excede·
1382 2509 1411 2559 0f
1419 2509 1523 2575 1³⁸5ssss-

323 2608 412 2677 bant.
459 2611 505 2678 Et
519 2631 594 2677 oum
609 2635 630 2677 a
643 2611 782 2700 praefato
797 2611 930 2676 domino
945 2611 969 2676 J
971 2611 1100 2677 ohanne
1114 2611 1370 2696 resignationem
1381 2577 1529 2710 ffim

321 2711 469 2798 praeatae
491 2715 634 2781 ecclesiae
666 2714 707 2780 de
739 2713 936 2800 Esyngtous
967 2715 1013 2778 sic
1035 2714 1282 2801 excepissemus,
1308 2715 1371 2780 cle-

321 2816 425 2882 61666
462 2817 647 2904 quemdam,
685 2817 855 2883 dominum
887 2817 1065 2904 Hugonom
1096 2818 1137 2882 (16
1170 2817 1519 2903 (116166611661661116

321 2923 401 2984 tunc
437 2925 600 2988 rectorem
637 2920 779 2986 eeclesia
817 2921 859 2986 (16
893 2919 1105 3008 Kayngham‚
1137 2943 1236 3006 quam
1268 2922 1370 2987 etiam

322 3023 488 3090 eeclesiam
509 3024 552 3090 de
574 3023 777 3112 Kayngham
806 3023 915 3089 dictus
945 3022 1046 3088 abbas
1078 3023 1180 3110 Hugo
1201 3025 1371 3111 proposuit

320 3130 432 3190 nostro
462 3127 660 3193 monasterio
691 3128 844 3205 adunare,
874 3126 1008 3191 domino
1039 3127 1118 3212 regi,
1149 3127 1215 3211 qui,
1239 3132 1372 3212 propter

322 3247 512 3314 guerrarum
534 3229 713 3316 dispendia,
731 3230 789 3315 jus
803 3228 935 3293 abbatis
961 3227 1173 3293 Albemarliae
1194 3229 1232 3292 in
1249 3229 1372 3315 Anglia

323 3331 360 3393 in
382 3329 533 3398 manibus
555 3334 624 3398 suis
643 3333 817 3413 retinebat,
833 3331 1077 3396 nominavimus
1095 3332 1370 3417 praesentandum.

325 3435 380 3514 At,
417 3457 492 3501 cum
528 3437 597 3524 ipse
620 3438 772 3504 dominus
804 3435 907 3524 Hugo
945 3437 986 3502 (16
1021 3435 1212 3522 Glainvylla
1249 3435 1372 3502 dictam
1386 3455 1522 3510 (166666,

323 3539 490 3604 ecclesiam
513 3541 554 3605 de
577 3540 776 3627 Esyngtona
789 3560 849 3627 per
871 3561 977 3604 annos
999 3539 1128 3624 aliquot
1150 3538 1283 3626 pacifice
1298 3560 1371 3626 pos-
1384 3535 1456 3598 And,

322 3642 450 3724 sideret,
473 3665 533 3708 nos
554 3643 661 3730 ipsam
684 3643 850 3708 ecclesiam
872 3649 986 3708 nostro
1008 3643 1214 3722 monasterio,
1235 3644 1272 3706 in
1294 3663 1373 3708 usus
1385 3603 1531 3735 iffi&

320 3745 468 3834 proprios
489 3745 706 3824 retinendam,
729 3746 971 3833 appropriando
994 3745 1142 3832 redigere
1165 3746 1371 3811 conabamur.
1385 3737 1452 3787 ‘³⁰¹²'
1462 3737 1507 3816 she

323 3845 424 3912 ¹Unde
445 3869 506 3935 pro
536 3848 681 3934 ejusdem
711 3849 980 3935 appropriatione
1013 3849 1208 3934 petitionem
1239 3848 1373 3914 domino
1385 3805 1536 3922 1101111111

323 3947 488 4016 Willelmo
525 3953 565 4017 (16
595 3950 743 4030 Sowohe‚
772 3955 855 4016 tunc
889 3950 1089 4016 Eboraoensi
1120 3937 1514 4038 66616166166666,11101111

323 4053 578 4140 porrigebamus,
601 4055 699 4141 quod,
722 4075 800 4120 cum
831 4054 979 4119 maneria
1009 4058 1122 4119 666166
1152 4059 1186 4118 61
1212 4065 1309 4121 terrae
1332 4019 1527 4120 (1611111111Ἱει

324 4151 470 4244 Saltagh,
504 4156 781 4243 Tharlesthorpia
812 4154 1034 4243 1166666616,
1074 4155 1267 4241 wythflsot,
1301 4137 1524 4254 Dy-ffigffl
1593 4191 1599 4218 ι

323 4257 468 4326 6611666
489 4267 524 4327 61
545 4259 788 4341 Ravenserodd,
804 4285 843 4329 66
857 4269 964 4342 terrae,
980 4271 1133 4351 pasturae,
1157 4271 1192 4330 61
1214 4265 1280 4330 6116
1301 4265 1373 4329 loca
1384 4278 1534 4336 monnoery.

323 4360 445 4428 eisdem
481 4366 636 4431 maneriis
674 4368 868 4453 spectantia,
905 4367 942 4432 in
980 4367 1098 4454 quibus
1135 4367 1373 4434 monasterium
1385 4337 1482 4390 sm

322 4469 472 4532 nostrum
495 4465 649 4534 dotatum
671 4467 780 4535 166661
810 4469 852 4535 ab
875 4471 1024 4558 antiquo,
1047 4471 1090 4537 ad
1112 4472 1295 4538 valentiam
1317 4469 1372 4534 oci

319 4565 480 4634 librarum
524 4593 559 4636 66
596 4571 737 4660 singulis
774 4573 871 4639 annis
909 4575 1133 4656 extendentia,
1171 4577 1214 4642 (16
1251 4575 1373 4662 quibus

322 4670 423 4736 etiam
454 4671 560 4758 major
592 4695 668 4761 pars
699 4677 952 4744 sustentationis
990 4683 1112 4744 nostrae
1143 4678 1375 4744 dinoscebatur

321 4773 451 4840 notorie
471 4777 654 4863 provenire,
675 4799 773 4865 super
794 4779 901 4867 ripam
923 4802 1019 4869 aqua
1035 4779 1212 4848 Humbriae
1238 4787 1274 4847 et
1294 4782 1375 4848 litus
