3578 5874
481 867 683 922 mortuus
704 867 812 924 ABBAS
834 869 990 924 OCTAVUS
1012 871 1171 926 DECIMUS.
1285 861 1349 926 199

299 1045 488 1110 tenemento
515 1043 673 1130 prmdiote
709 1045 808 1112 elicui
844 1046 1059 1134 imposterum
1093 1047 1136 1116 sd
1166 1047 1347 1118 terminum
1360 1060 1430 1112 Am.
1445 1063 1509 1117 retr

297 1147 377 1214 ritae
413 1145 468 1216 vel
504 1167 666 1216 annorum
704 1147 882 1230 dimittere,
929 1150 1018 1236 quod
1056 1154 1178 1220 extuno
1212 1172 1272 1218 nos
1310 1158 1346 1222 et
1361 1134 1452 1184 '¹³⁹⁶‘

299 1270 495 1316 suooessorss
516 1249 622 1318 nostri
644 1251 828 1332 annuatim,
850 1274 872 1320 e
894 1255 968 1318 toto
989 1257 1219 1340 temporeque
1234 1253 1345 1322 omnio

301 1357 398 1420 terrae
420 1355 456 1416 et
489 1355 679 1421 tenemento
711 1353 869 1439 prediete
902 1354 939 1424 in
972 1356 1123 1424 monibus
1160 1357 1348 1426 tenentium

302 1455 347 1522 sio
370 1454 503 1521 dimissu
525 1453 709 1534 extiterint,
735 1477 756 1520 e
788 1455 952 1525 solutione
974 1458 1086 1526 deoem
1108 1457 1285 1526 solidorum
1307 1461 1348 1526 de

300 1557 458 1646 prsedinto
480 1579 592 1627 enuuo
614 1557 747 1624 redditu
788 1559 856 1628 ins
889 1561 1068 1632 solidorum
1089 1563 1222 1648 penitus
1243 1563 1349 1631 relux-

301 1682 401 1728 emur.
447 1660 503 1728 Ita
523 1659 613 1746 quod
634 1663 784 1728 tenentes
814 1662 961 1732 universi
993 1663 1034 1730 de
1066 1664 1163 1734 torris
1193 1669 1229 1734 et
1259 1669 1349 1732 tene-

301 1763 422 1833 mentis
443 1763 490 1830 sie
515 1763 659 1832 dimissis
681 1763 885 1832 omnimodas
908 1766 1048 1836 decimes
1071 1766 1167 1836 dictis
1189 1765 1291 1854 priori
1313 1773 1349 1836 et

301 1865 486 1938 emonieisl
508 1871 542 1932 et
565 1867 633 1934 suis
655 1867 892 1935 suooessoribus
915 1870 1119 1956 pertinentes
1149 1869 1193 1936 ed
1226 1870 1349 1940 distem

174 1967 177 1972 ’
301 1971 468 2038 eoolesiern
491 1991 585 2040 suem
599 1969 731 2039 solvont
745 1970 928 2040 annuatim.
974 1971 1028 2049 Et,
1051 1971 1155 2040 sinos
1168 1972 1222 2041 vel
1243 1974 1349 2042 nostri

302 2095 497 2142 sueeessores
511 2073 669 2160 praediete
694 2077 797 2140 terres
819 2079 854 2142 et
875 2079 1072 2154 tenemento,
1095 2076 1150 2144 vet
1172 2077 1348 2162 pamelium

302 2179 446 2265 ntiquom
478 2178 665 2255 eorundem,
690 2177 760 2244 sine
783 2176 899 2248 fiuude
920 2178 975 2243 vel
1004 2179 1091 2247 molo
1113 2179 1246 2266 ingenio
1267 2180 1347 2248 elie·

301 2281 488 2348 severimus
524 2281 562 2346 in
582 2280 744 2359 iirturum,
766 2281 854 2367 quod
874 2284 955 2348 tuno
976 2303 997 2349 o
1017 2280 1180 2351 solutione
1200 2282 1350 2368 praedioti

301 2386 404 2451 annui
437 2383 594 2460 redditus,
629 2404 689 2470 pro
710 2387 785 2452 rote
817 2383 978 2470 portionis
1010 2387 1172 2450 terrorum
1203 2407 1261 2470 per
1288 2407 1350 2454 nos

301 2490 347 2556 sio
369 2487 596 2568 nlieuetnnrm,
621 2487 754 2552 omnino
776 2507 1000 2554 exoneremur.
1045 2487 1101 2554 Itu
1122 2493 1236 2556 tomen
1260 2488 1349 2574 quod

301 2592 477 2678 antiquum
515 2590 674 2675 seriptum
712 2589 925 2656 indentetum
963 2589 1003 2656 de
1040 2589 1198 2676 prmdioto
1235 2611 1346 2658 onnuo

300 2695 432 2762 redditu
454 2693 637 2760 eonfeotum
668 2713 795 2780 semper
826 2692 896 2758 vim
926 2713 1019 2758 suom
1052 2692 1201 2762 obtinent
1223 2698 1258 2760 et
1279 2693 1347 2758 vir·-

300 2803 416 2878 tutem‚
440 2797 540 2864 selvis
562 2795 804 2862 conditionibus
826 2796 863 2860 in
883 2794 1055 2882 posteriori
1078 2796 1199 2884 seripto
1220 2817 1348 2882 prseno-

301 2903 388 2982 tetis,
413 2923 489 2968 oum
525 2899 695 2966 evenerint
717 2901 753 2966 in
775 2898 935 2967 futurum.
981 2898 1076 2964 Oiroe
1097 2899 1185 2984 quod
1207 2901 1346 2984 tempus,
1360 2907 1465 2973 Dymel-
1576 2961 1582 2972 ,

300 3029 386 3073 unus
414 3010 531 3072 tenens
552 3007 663 3070 noster
685 3003 725 3068 de
747 3001 949 3088 Dymeltone
981 3001 1200 3087 implenitsrit
1222 3001 1348 3068 dietum
1359 2981 1426 3032 ¹⁰⁰⁸·

301 3111 454 3176 abbatem
502 3103 677 3174 nostrum²
712 3125 772 3192 pro
805 3103 935 3170 defertu
966 3101 1137 3170 weroniiae
1179 3101 1348 3188 eujusdam

301 3212 498 3279 dimissionis
520 3215 662 3296 quetuor
685 3208 881 3272 bovetomm
903 3210 1001 3272 terrae
1030 3225 1105 3272 oum
1138 3205 1348 3290 pertinentiis

301 3317 337 3384 in
359 3315 567 3402 Dymeltons,
589 3313 632 3378 ed
654 3310 834 3376 terminum
856 3309 945 3386 viee,
966 3327 1025 3394 per
1047 3307 1214 3393 quoddam
1248 3308 1348 3395 sorip·

301 3425 383 3486 tum.
396 3417 560 3484 communi
589 3414 697 3500 sigillo
719 3411 910 3478 monosterii
939 3409 1046 3476 nostri
1068 3409 1244 3498 signatum,
1265 3415 1349 3478 tem-

301 3544 379 3611 pore
395 3519 532 3586 Roberti
554 3517 684 3584 abbatis
706 3513 811 3581 nostri
829 3517 870 3582 16
893 3510 1057 3595 fsotum3⁸
1079 3513 1250 3599 inquibus
1263 3513 1349 3582 niter

301 3631 417 3692 tenens
441 3627 554 3688 noster
584 3617 818 3686 dismtionevit
846 3617 903 3703 jus
937 3639 1041 3696 nrum,
1065 3621 1105 3682 ut
1134 3617 1174 3682 de
1196 3617 1290 3684 feodo
1312 3623 1348 3684 et

300 3727 492 3807 hereditate,
508 3725 688 3792 seeundum
702 3720 972 3789 eonsuetudinem
994 3717 1132 3788 manerii
1145 3719 1234 3786 unde
1255 3725 1347 3788 ente·

301 3853 405 3898 sessor
442 3849 521 3895 suus
557 3827 623 3893 suit
660 3827 789 3893 seisitus
826 3829 975 3911 tempore
1011 3820 1221 3888 eonfeotionis
1265 3822 1347 3892 dieti

300 3934 423 4022 scripti,
461 3931 583 4020 absque
620 3951 658 3996 eo
688 3928 777 4016 quod
813 3948 983 4014 nunquam
1028 3923 1346 3992 smsumreddideret

302 4044 427 4105 statum
450 4057 554 4112 suum,
578 4038 613 4098 et
635 4031 705 4098 sio*
727 4052 825 4118 super
845 4029 908 4094 hoo
929 4027 1014 4094 obiit
1035 4026 1174 4092 seieitus
1236 4026 1343 4109 Unde,

302 4163 377 4208 omn
412 4137 497 4204 nihil
528 4135 683 4214 oessisset,
719 4133 847 4198 virtute
885 4130 967 4195 dieti
998 4128 1112 4218 seripti
1142 4128 1345 4216 perdidimus

336 4464 498 4532 ¹can0nieo]
517 4461 658 4524 conventui,
669 4459 701 4510 P.
844 4455 1058 4522 temporedomini
1068 4455 1173 4507 Boberti
1187 4453 1285 4505 abbud·
1303 4458 1344 4516 18,

335 4545 482 4609 ²semrom]
502 4542 614 4606 wanting
624 4540 651 4590 in
662 4539 693 4589 P.
845 4539 876 4588 de
885 4543 992 4602 quotuor
1002 4531 1342 4588 borsdstermdiniuissd

335 4625 346 4658 ³
363 4624 490 4675 worantioe
502 4660 509 4673 .
522 4659 528 4672 .
539 4620 651 4686 santum]
672 4617 800 4681 enjusdam
845 4617 979 4668 terminum
992 4615 1060 4676 vite,
1070 4613 1100 4663 P.

302 4705 389 4771 scripti
413 4705 459 4756 snb
479 4699 606 4754 eommnnt
628 4698 711 4764 sigillo
732 4696 801 4758 fecti,
878 4691 1164 4761 ⁴eic1ventingiuP.
