3610 5890
460 874 501 940 12
687 887 786 937 nuce
809 885 917 936 sacas
941 885 1092 947 carmus
1114 884 1274 934 anemos.

290 1071 436 1120 1111339
456 1065 653 1150 patronatus
682 1061 850 1140 habuerat,
883 1083 942 1148 pro
973 1061 1085 1126 anima
1114 1082 1174 1126 sua
1203 1067 1238 1125 et
1268 1062 1506 1123 antecessorum

290 1143 380 1188 -1349,

457 1186 589 1230 auorum
616 1165 860 1252 imperpetuum
890 1165 1100 1245 celebrandae,
1124 1164 1271 1250 quinque
1301 1183 1427 1226 marcas
1449 1183 1508 1224 an-

458 1287 540 1332 nuas
572 1273 730 1354 perpetuo
760 1267 930 1334 soluturos.
978 1267 1086 1344 Unde,
1117 1265 1258 1352 acceptis
1288 1265 1331 1330 ab
1360 1285 1399 1330 eo
1433 1285 1508 1328 cen-

457 1375 531 1435 turn
568 1375 602 1434 et
639 1371 851 1458 septuaginta
881 1369 998 1434 marcis
1036 1369 1277 1455 sterlingorum,
1307 1367 1367 1432 uni
1403 1388 1508 1431 sacer-

458 1472 538 1552 doti,
569 1473 627 1558 qui
660 1493 719 1559 pro
755 1478 900 1558 tempore
937 1472 1047 1551 fuerit,
1078 1494 1136 1557 per
1173 1471 1299 1536 dictum
1337 1469 1505 1534 dominum

458 1573 640 1639 Robertum
662 1573 706 1638 ad
727 1575 832 1660 ipsam
855 1573 1033 1638 cantariam
1057 1573 1294 1659 praesentanda,
1318 1571 1353 1635 in
1376 1571 1508 1635 ecclesia

457 1676 498 1741 de
524 1675 735 1763 Wy'nestede,
759 1677 821 1741 sub
848 1679 936 1741 ceria
958 1675 1063 1741 forma
1084 1680 1241 1762 perpetuo
1272 1672 1506 1750 celebrandam,

457 1799 604 1844 annuum
643 1778 811 1844 redditum
849 1778 995 1864 quinque
1033 1799 1224 1852 marcarum,
1263 1776 1507 1863 percipiendum

456 1882 496 1946 de
534 1880 689 1946 maneriis
734 1880 856 1946 nostris
899 1880 940 1944 de
978 1880 1125 1966 Saltagh,
1163 1878 1430 1964 Tharlesthorpia
1472 1882 1507 1942 et

457 1984 617 2070 Waghna,
649 1988 682 2047 et
715 1983 752 2046 in
785 1981 918 2048 ecclesia
951 1982 992 2046 de
1025 1982 1226 2066 Wynestede
1256 1979 1507 2067 persolvendum

456 2086 594 2173 singulis
616 2085 714 2150 annis
735 2085 988 2172 imperpetuum,
1012 2083 1274 2150 concedebamus.
1319 2083 1416 2147 Etsi
1443 2083 1509 2146 dic-

449 2195 511 2253 tus
533 2209 664 2252 annuus
686 2187 837 2252 redditus
863 2191 971 2252 aratro
998 2186 1091 2265 foret,
1114 2187 1152 2252 in
1173 2191 1247 2252 toto
1269 2185 1323 2250 vel
1345 2186 1383 2250 in
1405 2190 1507 2272 parte,

371 2348 373 2351 ,
456 2291 576 2355 suturis
601 2289 806 2376 temporibus
828 2295 904 2375 post
918 2290 1076 2354 terminos
1098 2289 1258 2354 limitatos
1284 2288 1508 2373 autaliquem

456 2392 642 2469 eorundem,
664 2396 788 2456 extunc
818 2391 901 2456 bene
925 2391 1038 2458 liceret
1069 2391 1236 2478 capellano
1259 2391 1317 2476 qui
1346 2411 1405 2477 pro
1427 2397 1508 2454 tem·

456 2515 534 2580 pore
564 2493 660 2559 dictae
686 2492 842 2558 centuriae
873 2493 1054 2558 deserviret
1083 2494 1120 2558 in
1150 2492 1304 2558 maneriis
1334 2491 1509 2556 antedictis

456 2595 660 2682 distringere,
676 2601 710 2661 et
732 2595 953 2660 districtiones
967 2595 1118 2674 retinere,
1135 2616 1303 2681 quousque
1318 2594 1349 2658 ei
1364 2593 1405 2658 de
1421 2595 1508 2659 dicto

456 2719 565 2762 annuo
587 2697 729 2777 redditu,
754 2698 800 2762 sic
821 2703 931 2762 aretro
954 2698 1127 2776 existente,
1150 2719 1218 2762 una
1240 2719 1313 2761 cum
1337 2697 1508 2782 arreragiis
1572 2741 1580 2749 -

456 2800 610 2884 ejusdem,
634 2821 671 2864 ac
697 2799 826 2864 damnis
851 2805 885 2864 et
912 2799 1064 2886 expensis
1091 2821 1165 2884 quae
1189 2821 1303 2886 passus
1329 2798 1430 2864 fuerit
1455 2799 1508 2863 vel

455 2903 568 2968 fecerit
602 2902 768 2966 occasione
798 2901 973 2986 praemissa,
1004 2900 1150 2988 plenarie
1181 2899 1266 2968 foret
1296 2901 1508 2968 satisfactum.

456 3004 626 3082 Praeterea,
642 3003 685 3068 ad
706 3003 863 3088 majorem
880 3003 1089 3068 securitatem
1108 3002 1284 3068 solutionis
1308 3003 1390 3068 dicti
1405 3003 1508 3068 annui

455 3107 603 3172 redditus
628 3106 665 3170 in
688 3105 794 3170 forma
808 3105 976 3191 praemissa
998 3104 1142 3170 fideliter
1156 3105 1324 3184 faciendae,
1341 3105 1506 3192 obligaba-

455 3231 528 3275 mus
550 3229 610 3274 noa
632 3207 770 3294 praefato
793 3207 927 3272 domino
950 3205 1096 3272 Roberto
1119 3211 1154 3272 et
1176 3207 1352 3272 heredibus
1378 3209 1446 3272 suis
1471 3208 1507 3270 in

455 3334 521 3376 uno
545 3331 655 3376 annuo
680 3309 814 3374 redditu
838 3309 947 3374 decem
970 3309 1138 3390 librarum,
1153 3309 1362 3396 percipiendo
1384 3311 1426 3375 de
1440 3331 1507 3373 ma·

455 3415 555 3478 neriis
571 3413 745 3499 praedictis.
785 3411 856 3477 Sub
872 3411 934 3475 tali
950 3415 1064 3476 tamen
1079 3412 1276 3494 conditione,
1293 3412 1381 3498 quod
1397 3413 1425 3476 si
1441 3411 1506 3477 dic-

455 3523 511 3580 tus
526 3536 656 3578 annuus
678 3514 829 3578 redditus
853 3519 1070 3578 tmarcarum
1098 3518 1207 3579 aretro
1222 3523 1308 3579 esset
1331 3536 1389 3601 per
1403 3536 1507 3578 unum

455 3638 600 3681 mensem
622 3618 791 3708 integrum
813 3621 888 3702 post
910 3616 1039 3702 lapsum
1062 3617 1199 3681 termini
1222 3616 1368 3702 alicujus,
1385 3618 1456 3682 'aut
1479 3617 1508 3680 si

436 3719 660 3805 'contingeret
682 3707 896 3803 capellanum,
920 3719 978 3804 qui
1004 3741 1063 3805 pro
1085 3725 1233 3806 tempore
1254 3720 1357 3784 fuerit
1378 3721 1414 3784 in
1436 3721 1509 3806 ipsa

456 3823 611 3900 cantaria,
626 3819 802 3907 praefatum
817 3842 966 3886 annuum
989 3821 1156 3887 redditum
1178 3827 1197 3886 5
1214 3844 1396 3887 marcarum
1413 3822 1508 3887 nobis

455 3925 491 3988 in
505 3924 653 3989 futurum
675 3923 851 4002 remittere,
868 3945 925 3988 seu
943 3923 1098 4002 relaxare,
1116 3924 1169 3988 vel
1185 3924 1288 3989 alium
1304 3929 1507 3990 contractum

455 4025 625 4090 nobiscum
656 4025 750 4105 inire,
776 4025 894 4110 quiin
927 4025 1188 4090 adnullationem
1224 4025 1323 4093 dictae
1350 4027 1507 4092 cantariae

454 4127 590 4193 tendere
620 4128 743 4214 poterit
773 4128 997 4213 quovismodo,
1025 4129 1114 4214 quod
1144 4133 1267 4194 extunc
1296 4129 1381 4194 bene
1411 4130 1508 4195 liceat

455 4231 543 4295 dicto
572 4231 705 4295 domino
729 4229 875 4296 Roberto
898 4237 933 4296 et
963 4231 1139 4296 heredibus
1169 4231 1237 4296 suis
1265 4253 1326 4318 pro
1350 4219 1507 4318 praedicto

455 4354 565 4398 annuo
592 4331 726 4396 redditu
751 4336 793 4396 10
808 4332 967 4398 librarum
996 4333 1032 4396 in
1059 4334 1213 4398 omnibus
1236 4335 1391 4399 maneriis
1417 4339 1508 4399 ante-

456 4435 554 4500 dictis
578 4433 781 4520 distringere,
810 4433 853 4498 ad
875 4454 1145 4520 quorumcunque
1171 4457 1289 4500 manus
1316 4436 1508 4501 devenerint

455 4538 641 4602 infuturum
653 4560 661 4616 ;
685 4541 719 4600 et
737 4556 797 4621 pro
812 4539 959 4622 tempore
986 4559 1052 4622 quo
1074 4537 1183 4602 dictus
1209 4559 1338 4602 annuus
1360 4539 1508 4603 redditus

457 4646 475 4703 5
500 4660 682 4704 marcarum
703 4637 855 4702 terminis
869 4637 937 4701 suis
959 4635 1046 4704 foret
1068 4639 1211 4704 fideliter
1233 4639 1427 4726 persolutus,
1443 4662 1508 4706 ces-

456 4747 543 4807 saret
565 4740 693 4806 exactio
719 4744 753 4803 et
775 4739 895 4804 solutio
912 4743 955 4804 10
969 4739 1125 4806 librarum
1147 4743 1417 4828 praescriptarum.
1463 4743 1508 4807 Et
