3578 5874
556 905 693 955 THOMAS
714 904 824 954 ABBAS
847 906 963 955 NONUS
986 905 1145 956 DECIMUS.
1309 892 1371 950 215

325 1077 362 1142 in
385 1075 594 1159 Holderness,
619 1101 758 1166 quorum
789 1079 931 1167 parcella
966 1079 1116 1166 quaedam
1149 1080 1190 1144 de
1223 1076 1318 1144 nobie
1340 1090 1372 1147 et
1385 1087 1453 1139 Ar).
1468 1094 1530 1140 raas

326 1181 524 1246 monasterio
555 1186 667 1246 nostro
698 1204 756 1268 per
787 1205 931 1248 annuam
961 1183 1089 1248 firmam
1120 1183 1163 1268 vj.
1195 1181 1373 1247 solidorum
1384 1161 1475 1208 '¹³⁹⁹‘

326 1283 395 1348 viii.
429 1283 637 1350 denariorum
670 1285 846 1350 tenebatur
879 1286 915 1349 in
954 1286 1069 1371 rapite,
1102 1306 1176 1370 quae
1214 1284 1255 1348 de
1286 1281 1373 1348 claro

326 1385 484 1451 valebant
518 1387 692 1452 annuatim
726 1387 795 1475 viij.
827 1409 960 1464 marcas,
994 1392 1029 1451 et
1060 1387 1103 1472 vj.
1139 1385 1267 1462 solidos,
1301 1384 1370 1450 viii.

327 1487 487 1568 denarios,
522 1489 618 1554 nobis
649 1489 786 1571 debitos,
811 1490 997 1577 improvise,
1030 1510 1170 1554 unacum
1203 1489 1275 1574 ipso
1296 1497 1374 1550 *an-

327 1611 396 1654 nuo
428 1590 562 1656 redditu
593 1592 637 1678 vj.
661 1593 849 1672 solidorum,
873 1594 940 1680 viij.
968 1589 1216 1678 denariorum,‘1
1242 1588 1372 1655 cuidam

330 1691 344 1777 [
714 1694 751 1782 ],1
772 1719 810 1762 aa
832 1701 1022 1763 tenemento
1044 1694 1175 1782 ipsein
1197 1691 1373 1758 Beverlaco

328 1794 459 1860 cuidam
490 1798 638 1864 Jobanni
665 1799 763 1879 Kelk,
792 1800 948 1887 burgensi
982 1799 1023 1864 de
1054 1799 1175 1877 eadem,
1199 1817 1259 1884 pro
1290 1793 1374 1878 iuju.

327 1895 431 1976 libris,
446 1899 513 1965 xix
538 1902 649 1967 solidis
672 1907 707 1968 et
730 1906 750 1966 2
774 1902 924 1979 denariis,
940 1901 1181 1987 imperpetuum
1205 1897 1372 1972 alienavit,

326 2019 364 2062 aa
391 2001 481 2066 omni
508 2003 579 2088 juri
610 2009 645 2070 et
667 2003 767 2070 titulo
790 2005 878 2090 quod
911 2009 1066 2090 atquem
1089 2001 1245 2068 indictis
1275 1997 1373 2065 terris

328 2107 364 2166 et
385 2105 584 2169 tenementis
618 2127 677 2170 nos
699 2106 753 2172 vel
787 2127 985 2172 successores
1016 2104 1131 2183 nostri,
1155 2108 1215 2168 aut
1248 2123 1374 2167 monas·

328 2205 449 2268 terium
471 2211 631 2282 nostrum,
647 2207 844 2274 habuimus³
867 2209 903 2272 in
933 2207 1107 2294 praemissis
1130 2205 1372 2290 imperpetuum

328 2309 545 2388 renuntiavit,
567 2310 806 2396 pecuniamque
833 2309 937 2397 ipsam
960 2309 996 2372 in
1019 2307 1226 2374 commodum
1249 2303 1376 2390 aliquid

329 2411 527 2476 monasterio
549 2433 615 2477 non
640 2411 831 2489 conferens,4
853 2411 910 2477 sed
941 2411 977 2476 in
1000 2411 1074 2475 aliis
1099 2409 1248 2474 materiis
1269 2427 1375 2493 quaes·

330 2513 436 2578 tuosis
457 2519 573 2580 contra
596 2514 767 2602 complices
799 2537 874 2580 suos
907 2513 1089 2594 malivolos,
1113 2518 1212 2600 prout
1237 2511 1375 2598 ipsemet

329 2613 366 2679 in
400 2621 550 2704 compoto
582 2639 640 2682 suo
672 2622 824 2696 testatur,
849 2617 1051 2703 expendidit‚
1082 2620 1244 2702 proutque
1276 2611 1375 2700 paulo

330 2723 445 2804 postea
476 2719 644 2784 referetur.
689 2720 862 2798 Praeterea,
885 2719 1043 2806 prostrari
1071 2717 1148 2784 iecit
1170 2719 1207 2782 in
1229 2715 1489 2807 maneriosaleor

330 2821 371 2886 de
393 2820 545 2907 Skyrena
577 2821 658 2908 eju.
682 2826 717 2887 et
750 2821 815 2908 xvj.
839 2821 996 2901 fraxinos,
1024 2842 1105 2906 quos
1135 2819 1287 2885 vendidit
1317 2839 1377 2904 pro
1388 2799 1486 2849 umber.

329 2923 420 3010 xviij.
452 2923 555 3001 libris,
585 2923 663 3009 xvij.
695 2923 816 2989 solidis.
862 2923 903 2987 In
935 2923 1081 2988 man'erio
1114 2923 1228 3009 itaque
1262 2927 1374 2986 nostro

331 3027 372 3092 de
388 3025 583 3091 Wharroma
605 3026 683 3092 fecit
705 3025 828 3090 succidi
851 3025 922 3110 xxj.
946 3025 1101 3103 fraxinos,
1124 3047 1184 3111 pro
1206 3025 1250 3110 iij.
1275 3025 1376 3102 libris,

330 3128 373 3214 vj.
396 3127 519 3208 solidis,
544 3127 613 3213 viij.
638 3127 790 3206 denariis,
813 3127 967 3192 venditos
989 3127 1120 3192 ibidem.
1158 3126 1259 3213 Apud
1280 3149 1377 3214 gran·
1478 3201 1483 3214 ⁸

331 3231 421 3318 giam
451 3234 600 3296 neutram
631 3229 766 3316 insuper
795 3229 855 3294 *de
890 3229 1071 3317 Haytield'
1105 3229 1256 3294 vendidit
1294 3229 1375 3315 xxij.

331 3333 478 3397 fraxinos
501 3353 560 3419 pro
584 3335 604 3398 3
629 3331 732 3409 libris,
746 3332 792 3416 xj.
817 3331 938 3412 solidis,
955 3331 1024 3418 viij.
1049 3331 1201 3396 denariis.
1241 3332 1377 3396 Summa

330 3435 562 3500 venditionum
594 3434 783 3521 hujusmodi
815 3435 906 3519 xxvj.
941 3434 1045 3514 librae,
1073 3435 1113 3498 14
1146 3434 1249 3511 solidi,
1276 3437 1295 3498 4
1323 3435 1377 3499 de-

331 3538 426 3604 narii.
474 3535 575 3602 Unde
608 3543 701 3624 patet
735 3537 907 3603 manifeste
941 3529 1029 3624 quod
1060 3558 1128 3602 non
1161 3537 1378 3625 prostraverit
1390 3549 1510 3614 Applica-

333 3639 521 3726 hujusmodi
552 3639 685 3705 arbores
722 3662 781 3726 pro
818 3639 983 3726 aliquibus
1020 3639 1169 3706 aedificiis
1207 3645 1265 3706 aut
1303 3640 1377 3704 aliis
1390 3616 1534 3746 {jffiefdff‘

332 3741 531 3808 monasterio
563 3747 676 3807 nostro
707 3742 911 3807 utilitatibus
935 3741 1152 3829 opportunis,l
1177 3743 1234 3807 sed
1257 3741 1377 3808 solum·
1390 3761 1417 3800 to
1429 3749 1468 3800 his
1479 3765 1535 3801 own

333 3843 430 3909 modo
462 3865 521 3931 pro
543 3843 689 3932 pecuniis
721 3843 828 3910 bursae
861 3867 929 3910 suae
963 3843 1165 3930 applicandis
1197 3845 1233 3908 in
1268 3845 1377 3910 defen·
1391 3831 1454 3868 '¹⁸⁰¹'

333 3947 457 4012 sionem
490 3945 542 4011 sui
573 3947 685 4032 ipsius,
718 3951 757 4010 ut
788 3946 935 4034 praedixi,
971 3951 1074 4032 utque
1107 3946 1276 4035 scripturae
1311 3972 1378 4014 suae

333 4047 522 4115 testimonio
560 4048 689 4135 plenius
721 4049 931 4135 expressavit,
965 4053 1079 4113 contra
1110 4071 1186 4114 suos
1222 4051 1378 4119 inimicos

335 4151 548 4238 Insuperque,
564 4149 717 4216 vendidit
739 4150 804 4215 duo
827 4151 982 4230 corrodia,
1005 4173 1108 4216 unum
1123 4151 1145 4218 J
1148 4151 1270 4218 ohanni
1286 4153 1380 4241 Pelly
1393 4177 1451 4227 Sale
1462 4179 1494 4228 or

335 4254 375 4321 de
407 4252 726 4340 Otringhammersk,
760 4253 802 4318 ad
833 4257 943 4318 totum
977 4253 1155 4320 terminum
1190 4257 1269 4322 vitae
1303 4277 1379 4335 suae,
1392 4243 1526 4296 1111111111

336 4417 669 4424 -οω-ψ-ῳ-ῳ--ῌ
693 4417 783 4422 ..φ-μ
802 4417 809 4422 .
822 4417 1379 4424 ——......--.--—-—-.--——---1-..--.=--

369 4501 377 4533 ¹
395 4517 495 4552 annuo.
514 4501 615 4566 aiffa]
635 4501 761 4552 corrected
773 4499 836 4550 from
913 4501 923 4533 ⁴
941 4503 1080 4568 conserens]
1100 4501 1318 4563 conturmalis,

336 4588 498 4642 ammentum,
511 4580 568 4632 MS.

370 4659 586 4710 maurinus
915 4661 1097 4726 ⁸opportunis]
1118 4663 1381 4726 oportunie,rhecon·

369 4739 380 4771 ³
391 4739 466 4791 After
477 4738 611 4802 tabuimus,
621 4737 802 4804 imperpetuum
813 4738 839 4788 in
882 4746 949 4790 etant
960 4739 1024 4792 form
1036 4739 1065 4790 of
1073 4741 1181 4804 spelling
1192 4742 1218 4794 in
1231 4744 1272 4796 the
1284 4744 1340 4796 MS.
