3614 5888
492 911 670 966 nonnanes
693 917 802 968 annas
825 918 957 970 snxrns
979 919 1142 970 nncnrna
1275 905 1338 976 157

290 1090 380 1156 beati
403 1089 497 1156 Pauli
521 1095 617 1156 extra
638 1112 749 1155 muros
772 1095 807 1156 et
829 1091 988 1178 quasdam
1003 1091 1085 1156 alias
1100 1090 1188 1155 infra
1210 1096 1338 1177 tempus
1353 1113 1419 1162 Ap,
1434 1091 1505 1166 1352,

290 1193 465 1280 praefixum
487 1214 555 1258 non
577 1199 746 1280 reparatas
779 1195 962 1280 reperisset,
985 1193 1204 1280 sequestravit
1226 1215 1338 1260 omnes

290 1296 417 1362 fructus
439 1300 473 1361 et
494 1300 676 1382 proventus
698 1295 844 1383 ipsarum
866 1296 904 1360 in
928 1318 1046 1362 manns
1077 1317 1162 1374 suas,
1195 1301 1238 1374 et,
1263 1318 1338 1363 con-

291 1397 401 1464 ductis
431 1397 621 1476 artificibus,
654 1399 696 1463 de
733 1397 813 1486 ipsis
850 1398 1014 1465 fructibus
1051 1385 1085 1464 ct
1122 1400 1338 1486 proventibus

289 1499 419 1566 eaedem
441 1499 592 1566 ecclesias
606 1499 685 1565 fecit
699 1500 797 1566 citius
812 1501 964 1588 reparari
1013 1500 1219 1566 Reformavit
1233 1501 1338 1589 igitur

291 1601 456 1668 ecclesiam
494 1601 529 1667 in
568 1602 640 1668 vita
673 1607 708 1668 et
741 1603 997 1680 conversatione,
1031 1609 1067 1669 et
1103 1604 1270 1690 reparavit
1302 1605 1339 1669 in

293 1703 439 1769 aedificiis
473 1708 507 1769 et
538 1704 731 1770 libertatum
753 1706 1003 1771 restauratione.
1049 1705 1100 1770 De
1130 1705 1204 1772 aliis
1227 1711 1339 1772 autem

293 1807 362 1892 ejus
388 1806 489 1892 gestis
512 1811 657 1893 tempore
681 1807 803 1873 domini
831 1807 992 1874 Willelmi
1013 1807 1144 1874 abbatis
1168 1807 1211 1878 17
1233 1810 1266 1873 in
1292 1831 1340 1874 aa·

292 1909 471 1995 quentibns
486 1908 665 1996 apparebit.

295 2225 373 2292 Cle.
405 2223 503 2290 XIII.
532 2225 588 2290 ·Dc
622 2225 776 2312 captione
798 2225 971 2293 Jotaaala
992 2227 1081 2313 repta
1114 2229 1272 2297 raanan
1296 2229 1339 2297 la

383 2327 463 2392 bello
478 2327 675 2393 Pictcceaci
700 2349 764 2415 per
786 2327 1001 2396 Edwardum
1018 2329 1220 2419 primipara
1255 2333 1340 2399 Wal-

383 2429 463 2508 lta
479 2436 509 2495 et
524 2429 563 2494 de
576 2429 810 2516 diacomfitara
822 2431 862 2496 H
861 2431 972 2498 carici
983 2433 1074 2518 capia
1081 2435 1121 2499 H
1119 2434 1267 2521 iapaatae
1281 2458 1343 2522 per

382 2531 528 2598 cundem
558 2531 602 2597 tra
624 2531 704 2597 bello
728 2532 768 2599 dc
792 2533 920 2600 Neaera
942 2533 987 2600 ἐπ
1009 2535 1210 2624 Hiapcsnia‚·
1241 2545 1270 2604 ct
1302 2539 1341 2604 de

382 2632 540 2700 Jolzaalw
563 2634 603 2700 de
626 2633 856 2702 Mandcciltc.

337 2797 435 2864 Anno
462 2797 595 2864 Domini
639 2800 735 2876 1356,
767 2799 848 2864 vicit
881 2799 1066 2867 Edwardus
1104 2805 1508 2938 primogenitpsngteuarteapfd

294 2901 379 2986 regis
395 2900 536 2986 Angliae,
551 2896 699 2986 princeps
715 2899 853 2980 Walliae,
868 2903 1055 2970 Iohannem
1070 2927 1179 2993 regem
1196 2907 1343 2974 Francrae
1354 2942 1416 3004 king
1426 2942 1496 2992 John

295 3002 383 3089 apud
406 3001 588 3079 Pictavum,
623 3006 658 3066 et
685 3002 772 3089 cepit
788 3024 862 3068 eum
880 3009 980 3090 atque
996 3005 1032 3070 in
1054 3006 1211 3094 Angliam
1235 3009 1341 3089 duxit,
1354 3008 1488 3058 ⁰fll⁸¹¹⁰⁹

296 3105 425 3172 devicta
461 3104 583 3170 militia
621 3103 833 3171 Francorum.
877 3106 968 3171 Ante
1005 3107 1066 3174 hcc
1099 3115 1237 3196 tempus,
1274 3075 1480 3204 ηοῐιζξζξξος

296 3208 465 3273 invenitur
487 3208 577 3294 quod
608 3229 669 3272 rex
698 3207 849 3276 Franciae
871 3215 988 3295 captus
1010 3210 1076 3276 fnit
1097 3211 1135 3276 in
1157 3218 1246 3278 terra
1268 3235 1342 3300 pro·
1353 3205 1448 3266 wales,

296 3309 370 3396 pria
392 3315 426 3374 et
447 3309 525 3374 inde
540 3309 710 3374 abductus,
759 3308 824 3374 Sed
841 3310 920 3394 quia
935 3333 1047 3396 pacem
1063 3313 1173 3378 noluit
1189 3314 1343 3400 elongata
1353 3278 1444 3402 ἑῖἰῗῤ,

296 3412 411 3477 catab
434 3434 480 3478 eo.
537 3411 624 3476 Nam
663 3433 750 3498 papa
778 3411 914 3478 miserat
946 3413 1115 3480 dominum
1146 3418 1341 3482 cardinalem
1353 3419 1472 3497 eanmity

298 3511 618 3602 Petregoricensem¹
642 3520 676 3579 et
698 3513 801 3578 alium
817 3516 1033 3581 reverendum
1049 3516 1174 3605 legatos
1188 3519 1223 3584 in
1240 3487 1485 3601 Fran-{iim

296 3617 388 3697 ciam,
403 3639 463 3704 pro
478 3615 658 3694 concordia,
668 3622 703 3682 et
717 3615 820 3681 alium
836 3616 1034 3683 cardinalem
1050 3619 1216 3688 direxerat
1231 3643 1343 3688 versus
1354 3617 1472 3681 rejeodon
1484 3619 1513 3668 of

298 3720 453 3807 Angliam
475 3741 535 3806 pro
552 3719 665 3784 eadem
681 3739 784 3785 causa.
832 3719 896 3785 Sed
912 3741 972 3785 rex
988 3720 1136 3788 Franclae
1150 3723 1258 3790 noluit
1273 3747 1344 3812 per·
1355 3685 1489 3802 {mn

298 3823 429 3888 mittere
460 3821 587 3886 dictum
624 3813 827 3886 cardinalem
865 3821 977 3886 venire
1007 3821 1045 3886 in
1081 3824 1247 3911 Angliam,
1284 3818 1443 3893 necbllthe

298 3925 405 3990 voluit
427 3924 499 4010 paci
523 3923 575 3988 vel
598 3927 724 4009 treugae
738 3923 929 4008 aliqualiter
943 3926 1136 3993 consentire.
1183 3929 1247 3994 Sed
1270 3951 1344 3996 cum
1355 3900 1424 3950 popm

298 4047 454 4113 pomposa
462 4023 657 4090 fortitudine
667 4024 778 4090 subito
794 4026 985 4112 supervenit
1000 4026 1060 4091 ubi
1074 4027 1182 4095 dictus
1195 4030 1345 4120 princeps

299 4151 373 4193 cnm
388 4149 447 4194 suc
463 4127 611 4193 exercitu
629 4127 803 4192 residebat
851 4127 904 4208 Et,
915 4127 995 4213 quia
1008 4131 1173 4198 exercitus
1187 4133 1259 4219 ejus
1274 4141 1344 4202 erat

299 4231 393 4317 quasi
414 4228 667 4325 innumerabilis
690 4233 724 4293 et
750 4227 915 4296 exercitus
937 4229 1018 4295 dicti
1044 4231 1199 4322 principis
1222 4258 1345 4323 parvus

299 4339 333 4398 et
355 4333 414 4398 din
439 4331 604 4420 fatigatus,
630 4329 790 4418 cogitavit
805 4353 881 4397 enm
903 4353 977 4396 cum
1000 4334 1068 4400 suis
1090 4335 1126 4400 in
1142 4338 1248 4424 primo
1271 4362 1346 4404 con-

305 4457 418 4524 gressu
440 4455 599 4522 superare.
646 4433 712 4499 Sed
735 4455 809 4500 cnm
832 4433 939 4499 adhuc
969 4433 1152 4504 cardinales
1175 4446 1209 4505 et
1234 4443 1345 4506 nuntii
1442 4483 1443 4488 κ

300 4561 394 4628 papae
410 4539 497 4603 inter
520 4537 682 4602 exercitus
704 4557 763 4622 pro
785 4557 864 4622 pace
887 4535 1107 4606 discurrerent
1128 4547 1162 4607 et
1176 4541 1254 4608 hinc
1268 4545 1345 4610 inde

603 4719 645 4724 a.
653 4718 677 4724 ...
693 4718 743 4725 --ψ
759 4717 858 4724 --.—--
864 4719 962 4727 -.-...
974 4722 998 4727 --
1009 4723 1311 4732 *mm-›-

338 4821 346 4854 ι
364 4818 512 4888 cordium
524 4816 754 4884 Petrapoeicaasem]
773 4816 827 4869 Elia
838 4817 982 4882 Talalrand,
994 4819 1111 4874 cardinal
1123 4823 1154 4873 de
1165 4824 1297 4891 Pcrigord.
