3614 5888
446 864 510 929 136
643 876 822 928 nonnanes
843 873 951 926 ansts
973 875 1102 927 snxrus
1124 875 1287 928 oremus.

277 1059 346 1111 Am.
362 1065 424 1112 rose
446 1048 489 1114 ad
511 1049 771 1135 respondendum
794 1049 859 1136 ipsi
873 1049 1006 1116 domino
1021 1051 1091 1139 regi
1106 1055 1166 1116 aut
1187 1051 1334 1138 praefatee
1349 1051 1492 1119 dominre
1582 1103 1585 1109 -

278 1131 367 1180 '¹³⁶⁷‘
446 1151 596 1218 Isabellae
619 1152 695 1218 filiae
717 1174 785 1218 suae
801 1152 842 1218 de
857 1152 955 1218 dictis
970 1155 1104 1234 nativis,
1121 1176 1195 1219 cum
1219 1176 1331 1220 eorum
1354 1155 1493 1241 sequeiis

446 1257 480 1318 et
504 1254 656 1320 omnibus
678 1254 805 1320 catailis
827 1255 905 1336 suit,
929 1277 986 1321 sen
1008 1257 1049 1321 de
1071 1256 1178 1343 pretio
1194 1257 1371 1322 eorundem
1393 1257 1501 1335 catal-¹

446 1355 561 1436 lorum,
584 1355 763 1422 seeundum
793 1355 932 1422 formam
962 1358 1149 1426 indenturae
1179 1358 1257 1424 inde
1279 1359 1495 1446 interipsum

446 1458 613 1524 dominam
636 1459 810 1524 Isabellam
832 1466 867 1525 et
897 1460 1023 1526 dictum
1053 1461 1208 1527 abbatem
1237 1467 1389 1527 nostrum
1418 1483 1494 1527 con-

446 1562 540 1627 feetae
555 1559 580 1642 ;1
616 1566 657 1627 ut
678 1583 738 1626 nos
760 1561 867 1627 dictos
897 1563 1029 1629 nativos
1059 1585 1134 1630 cum
1164 1585 1277 1629 eornm
1299 1563 1438 1650 sequelis
1460 1568 1494 1629 ct

445 1663 572 1730 catallis
593 1663 795 1744 haberemus,
812 1664 925 1730 eodem
945 1666 1123 1753 modoque
1145 1688 1199 1732 eos
1221 1666 1395 1732 habuimus
1416 1671 1495 1732 ante

446 1767 631 1853 captionem
653 1769 830 1834 eorundem
853 1768 889 1832 in
911 1789 1029 1834 manus
1050 1769 1165 1856 regias,
1189 1770 1291 1835 donec
1312 1766 1495 1834 ‘iterum'2

446 1870 628 1935 discussum
648 1869 764 1937 fuisset
787 1875 898 1936 utrum
915 1871 997 1936 dieti
1011 1871 1119 1936 nativi
1133 1871 1173 1937 ad
1195 1871 1364 1937 dominum
1386 1893 1495 1958 regem

447 1979 480 2036 et
502 1971 605 2036 filiam
627 1994 722 2038 suam
743 1972 944 2059 praedictam,
968 1995 1025 2039 seu
1055 1975 1098 2039 ad
1119 1996 1179 2040 nos
1203 1981 1236 2040 et
1259 1974 1494 2040 monasterium

279 2075 414 2140 Imprison-
446 2079 603 2151 nostrum,
627 2074 783 2140 deberent
813 2073 1000 2161 pertinere.3
1045 2075 1163 2142 Postea
1192 2073 1292 2163 ergo,⁴
1317 2097 1391 2140 oum
1413 2097 1496 2162 prae-

279 2144 389 2261 ζᾞζξξ
447 2176 532 2242 fatos
561 2177 694 2242 nativos
716 2178 813 2242 modo
841 2177 1014 2263 praelibato
1046 2199 1120 2244 cum
1152 2180 1292 2264 sequelis
1312 2185 1347 2244 et
1369 2177 1496 2244 catallis

280 2277 323 2326 the
333 2277 435 2342 seffsby
447 2279 514 2343 suis
543 2279 792 2366 possiderem,
817 2279 983 2346 occasione
1015 2281 1158 2366 quadam
1180 2281 1301 2369 gravi⁶
1323 2287 1358 2348 et
1388 2288 1495 2346 trans·

280 2344 417 2394 thenbbot
446 2381 611 2466 gressione
644 2379 879 2468 exigentibus?
912 2382 1069 2468 quosdam
1103 2384 1249 2471 ipsorum
1282 2381 1495 2450 nativorum⁷

374 2498 375 2501 ’
446 2483 533 2548 infra
566 2483 744 2561 abbatiam,
771 2484 835 2549 sub
867 2484 1060 2551 dormitorio
1092 2486 1334 2564 monachorum,
1358 2487 1395 2552 in
1417 2507 1496 2572 quu-

447 2584 524 2649 dam
547 2585 644 2650 domo
667 2584 771 2650 officio
794 2585 937 2651 bursarii
952 2587 1119 2673 deputato,
1135 2587 1271 2654 fecimus
1293 2588 1495 2654 incarcerari.

281 2695 417 2759 Eneapeot
446 2686 497 2751 De
520 2687 638 2773 quibus
659 2685 893 2774 praescriptus⁸
909 2710 993 2754 unus
1012 2689 1084 2758 fuit.
1132 2689 1206 2778 Qui,
1226 2696 1320 2758 nocte
1344 2690 1494 2777 quadam,

280 2764 433 2887 {fflfwho
445 2810 504 2874 per
525 2789 671 2854 foramen
694 2789 753 2854 ubi
768 2787 919 2856 solebat⁹
933 2796 1063 2858 naturae
1077 2793 1257 2858 necessaria
1278 2793 1494 2879 frequentare,

280 2893 482 2956 obmnsthein
518 2891 678 2958 fossatum
715 2897 870 2958 vocatum
910 2892 1058 2980 Dogdyk
1096 2893 1302 2976 descendens,
1341 2900 1376 2960 et
1413 2894 1490 2959 inde

279 2961 429 3026 king'swrit
550 2995 556 3008 .
744 2993 751 3008 ·
1165 2997 1172 3011 .
1376 2997 1384 3012 .

279 2993 626 3081 fonhefflaufugrenr,
665 2994 836 3060 dommum
872 3016 982 3081 regern
1020 3017 1113 3060 suam
1150 2996 1341 3063 hbertatem
1374 3002 1495 3062 rterum
1527 3061 1531 3070 ,

91 3182 94 3190 ,
166 3116 173 3132 ·
281 3093 428 3145 ordenare
446 3097 644 3183 probaturus
675 3097 817 3162 adiebat.
865 3095 966 3162 Unde
997 3097 1075 3183 ipse,
1107 3120 1166 3185 pro
1198 3121 1233 3164 se
1266 3103 1301 3164 et
1331 3098 1496 3164 willermo

280 3161 385 3278 2232„
395 3227 425 3279 of
446 3199 514 3264 filio
538 3221 605 3278 suc,
622 3198 787 3286 quoddam
809 3199 908 3264 breve
924 3199 1108 3266 vicecomiti
1123 3200 1319 3267 Eboracensi
1334 3201 1495 3267 directum

280 3294 359 3345 York.
446 3301 644 3388 acquirebat,
666 3301 886 3388 praecipiende
909 3301 1006 3388 quod,
1029 3303 1057 3367 si
1079 3303 1262 3392 praescripti
1275 3303 1444 3370 Johannes
1462 3307 1497 3369 et

448 3403 634 3468 Willelmus
669 3403 816 3469 facerent
847 3425 881 3468 se
911 3425 1061 3472 securum
1092 3405 1132 3468 de
1163 3405 1318 3471 libertate
1339 3427 1399 3470 sua
1420 3426 1495 3492 pro-

450 3579 693 3586 .-.--..-—.—-...-
708 3579 765 3584 ..—

482 3672 490 3704 ¹
507 3670 582 3721 After
592 3672 782 3736 coruscam—In
792 3686 853 3721 casu
864 3677 949 3723 tamen
971 3683 973 3692 ¹
994 3673 1072 3737 quelr's
1091 3681 1117 3724 et
1135 3674 1250 3725 omnibus
1270 3675 1366 3726 catallis
1377 3675 1437 3738 suis,
1451 3691 1495 3741 per

449 3765 498 3815 qno
517 3749 586 3813 ipsos
601 3749 753 3809 Johnnnem,
771 3748 906 3800 Ricardum
925 3757 950 3802 et
993 3751 1076 3817 ipsum
1086 3752 1114 3802 in
1125 3769 1214 3806 manus
1225 3755 1307 3820 regias
1319 3755 1405 3820 captis,
1412 3753 1495 3806 abbati

448 3831 580 3891 i'homam,
598 3829 699 3880 nativos
721 3843 775 3879 esse
803 3827 887 3894 regios
906 3831 950 3880 ant
993 3839 1080 3882 nostro
1100 3831 1227 3884 liberaret.
1261 3833 1495 3886 Andthenoccnrs

449 3909 524 3959 dictre
535 3908 650 3958 Isabella
661 3916 687 3958 et
698 3923 749 3958 non
761 3915 861 3959 nostros
878 3909 949 3973 adju·
993 3911 1036 3964 the
1057 3911 1167 3963 division
1195 3913 1224 3963 of
1249 3916 1356 3964 another
1383 3915 1495 3979 chapter,

449 3987 527 4038 dicari
539 3987 694 4053 contigisset,
707 3989 794 4038 erased
805 3987 833 4036 in
844 3989 874 4038 P.
993 3992 1130 4041 numbered
1146 3991 1217 4052 vn,
1237 3994 1289 4042 and
1312 3993 1412 4045 intitled
1431 3993 1496 4044 “De

480 4067 492 4098 ²
508 4065 637 4133 titmm']
652 4067 765 4132 wanting
775 4066 840 4118 inP.
992 4071 1009 4097 “
1026 4069 1114 4119 eodem
1131 4069 1230 4134 placito,
1242 4079 1267 4121 et
1278 4071 1348 4122 finali
1364 4087 1497 4137 reeupera-

481 4144 492 4177 ³
509 4144 584 4196 After
611 4146 736 4209 pertinere
757 4145 844 4208 insert,
869 4146 950 4210 Super
993 4151 1007 4177 “
1026 4147 1095 4198 tione
1106 4149 1233 4200 dictorum
1244 4151 1413 4212 nativorum,'’
1425 4151 1453 4203 P.

448 4240 497 4290 qua
515 4239 575 4290 ergo
596 4223 731 4274 concordia
748 4223 837 4275 littera
853 4225 950 4274 domini
1025 4225 1143 4277 ⁴Postca
1154 4229 1223 4295 erpo]
1243 4229 1277 4279 Et
1288 4245 1355 4292 cnm,
1365 4229 1395 4280 P.

446 4302 513 4368 regis
547 4309 666 4366 patentes,
693 4301 771 4365 ipsius
808 4302 949 4354 concordia
1026 4304 1140 4372 εφαυί]
1154 4307 1346 4373 wantinginP.

447 4387 536 4438 seriem
556 4385 722 4446 continentes,
739 4386 812 4436 nobis
829 4388 950 4437 eoncede-
1026 4382 1037 4416 ⁶
1054 4385 1217 4452 stipantibus]
1227 4386 1459 4450 intervenientibus,
1465 4387 1495 4438 P.

446 4467 593 4525 bantur3et
603 4464 694 4514 iterum
706 4465 790 4524 breve,
802 4466 848 4514 sub
868 4464 950 4515 forma
1026 4463 1129 4515 tener
1164 4467 1300 4516 acdeorum
1336 4466 1421 4530 insert,
1449 4469 1495 4518 sub

446 4545 567 4596 dictarum
580 4545 719 4594 litterarum
726 4543 873 4607 patentium,
881 4544 949 4594 dicto
994 4549 1063 4594 certa
1073 4543 1196 4606 custodia,
1207 4545 1236 4596 P.

445 4625 574 4676 Wiilelmo
603 4622 725 4674 escaetori
744 4622 909 4686 dirigebatur,
925 4623 950 4673 ei
1026 4621 1038 4652 ⁸
1052 4624 1225 4690 prescriptos]
1246 4633 1271 4676 et
1287 4623 1340 4689 ipse
1355 4625 1503 4690 Johsnncs,

446 4702 610 4767 precipiendo
621 4703 689 4766 quod
700 4715 807 4765 corpora
818 4701 949 4764 praedicto·
993 4701 1024 4752 P.

446 4782 663 4842 rumnatirorum,
675 4795 724 4830 una
741 4795 894 4831 cumeorum
912 4797 949 4832 se·
1026 4780 1157 4848 ⁹soletnt]
1176 4783 1291 4834 homines
1304 4784 1393 4847 solent,
1405 4784 1434 4834 P.
