3578 5874
527 890 672 950 ,uacuas
693 891 801 942 sauss
823 892 940 942 uorsus
961 892 1120 942 nucruus.
1281 878 1347 946 247

294 1065 391 1132 dictae
422 1065 638 1132 Eboracensis
671 1067 848 1152 provincias
881 1065 923 1132 de
952 1066 1020 1132 suis
1050 1067 1284 1153 temporalibus
1310 1074 1499 1136 stammas

291 1168 527 1254 spiritualibus,
541 1167 707 1234 beneficiis
730 1168 773 1234 ad
795 1191 827 1236 x.
845 1191 970 1236 marcas
990 1175 1025 1235 et
1044 1170 1140 1248 infra,
1157 1172 1336 1236 secundum
1355 1151 1445 1243 ’Ψ

292 1291 413 1336 novam
436 1276 561 1351 msam,
576 1271 701 1337 solvere
715 1272 879 1338 consuetis
901 1273 1068 1338 duntaxat
1091 1273 1244 1358 exceptis,
1260 1294 1336 1338 cou—
1352 1236 1511 1361 dllltytlbl

293 1378 459 1440 cesserunt
481 1374 571 1440 dicto
594 1374 730 1440 domino
761 1375 831 1461 regi
856 1397 958 1442 unam
980 1375 1151 1440 dimidiam
1175 1374 1336 1441 decimam
1351 1371 1486 1483 {seffiflffd

290 1481 424 1542 tantum
446 1475 490 1540 ad
511 1475 595 1540 festa
625 1475 834 1544 Inventionis
865 1477 995 1544 Sanctae
1022 1477 1137 1544 Crucis
1160 1482 1195 1544 et
1219 1477 1335 1544 Sancti
1352 1446 1442 1562 o⁰ythee
1464 1451 1509 1501 mg

293 1577 462 1644 Michaelis
496 1583 619 1644 extunc
647 1579 797 1664 proxime
827 1579 1007 1666 sequentia,
1042 1581 1146 1666 aequis
1176 1581 1337 1667 portioni·
1351 1565 1508 1632 ⁸³⁰¹¹b5⁸h⁰l

291 1681 361 1760 bus,
378 1681 466 1746 dioto
490 1679 622 1747 domino
646 1681 886 1768 archiepiscopo
901 1681 1101 1748 Eboraeensi
1122 1683 1158 1748 in
1180 1685 1338 1750 scaccario

292 1805 351 1850 suo
373 1783 572 1851 Eboracsnsi
595 1783 768 1863 solvendis,
795 1789 830 1850 et
863 1805 920 1870 per
951 1785 1060 1872 ipsum
1084 1785 1171 1850 dicto
1205 1786 1339 1853 domino

292 1887 370 1972 regi,
393 1891 428 1952 et
449 1886 639 1952 nrdlatenus
668 1887 849 1972 paralium
872 1910 932 1954 nec
955 1888 1053 1952 aliter
1075 1889 1181 1954 eidem
1204 1889 1338 1956 domino

291 1989 370 2075 regi,
393 1988 590 2068 liberandis3
627 1990 721 2076 quasi
744 1990 872 2076 praelati
903 1995 938 2056 et
960 1991 1064 2056 clerus
1095 1991 1191 2057 dictae
1214 1993 1339 2058 Ebora-

292 2091 396 2156 censis
417 2091 594 2178 provinciae
626 2091 791 2177 quoddam
822 2092 1002 2158 exennium
1024 2094 1170 2179 pecuniae
1193 2095 1338 2179 ejusdem

292 2193 478 2260 medietatis
500 2206 580 2271 1¹⁰³„
596 2197 717 2278 praeter
739 2194 949 2280 exceptiones
970 2196 1178 2282 praescriptas
1201 2203 1236 2262 et
1257 2197 1339 2262 alias

291 2297 534 2383 subsequentes,
549 2317 608 2382 per
630 2297 739 2382 ipsum
762 2297 935 2362 dominum
950 2298 1232 2386 archiepiscopum
1254 2321 1341 2385 praa-

290 2399 360 2466 fato
397 2399 531 2466 domino
568 2398 640 2485 regi
676 2404 926 2484 praesentarent.
985 2399 1031 2466 Et
1069 2423 1143 2467 cum
1180 2401 1339 2467 moniales
1352 2409 1408 2460 The
1419 2414 1494 2464 abbot

292 2521 495 2587 (luffifflfflqufl
539 2500 637 2568 dietae
683 2501 897 2568 Eboraeensis
942 2503 1123 2588 provincia
1165 2509 1199 2569 et
1237 2505 1338 2570 etiam
1351 2477 1492 2597 ‘e'ssffiffi

283 2603 491 2688 ‚monasteria
522 2604 563 2668 de
585 2604 765 2690 Eglestona
786 2609 820 2670 et
851 2603 999 2684 Rufford,
1035 2627 1162 2672 necnon
1196 2607 1337 2672 ecclcsiae
1350 2611 1459 2674 emption

290 2705 548 2786 Nerthumbriae,
585 2705 753 2774 Oumbriae
784 2711 819 2772 et
850 2706 1166 2787 Westmorelendiae,
1198 2731 1219 2774 a
1252 2709 1337 2774 solu·
1350 2675 1501 2812 {ffbffirdged

290 2809 381 2876 tione
395 2808 542 2896 praefatae
565 2808 754 2874 medietatis
770 2809 904 2874 dammae
924 2831 1075 2896 expresse
1098 2815 1132 2876 et
1154 2810 1338 2896 specialiter
1350 2810 1386 2874 oy
1398 2812 1441 2865 the
1454 2829 1504 2866 sea

290 2911 441 2978 similiter
463 2911 702 2998 exciperentur,
725 2911 828 2977 abbas
850 2915 963 2977 noster
985 2917 1068 2978 tunc
1089 2917 1220 3000 tempus
1241 2935 1336 3000 repu-

290 3021 365 3082 tans
387 3019 610 3102 opportunum
633 3033 698 3098 quo
730 3035 804 3078 cum
838 3013 912 3078 eliis
947 3014 1155 3102 exceptiones
1178 3016 1337 3100 quasdam

292 3121 491 3205 proponeret
504 3138 565 3203 pro
588 3115 787 3202 praescriptis
800 3115 1038 3202 temporalibus
1060 3121 1096 3182 et
1109 3117 1338 3204 spiritualibus

290 3220 414 3286 nostris
446 3219 493 3286 sic
529 3219 744 3306 consumptis,
782 3225 817 3284 et
849 3218 927 3283 inde
964 3240 1150 3306 processum
1188 3219 1337 3285 debitum

290 3322 525 3410 aggrederetur
547 3342 612 3406 quo
634 3320 836 3386 excessivam
868 3320 1072 3388 mationem
1106 3322 1337 3408 temporalium

289 3431 324 3492 et
364 3422 588 3511 spiritualium
628 3422 775 3507 ejusdem
812 3424 1004 3508 monasterii
1040 3425 1147 3490 nostri
1183 3425 1337 3490 continue

290 3527 457 3616 levigaret,
473 3525 575 3592 abbas
598 3547 674 3612 ergo
696 3530 808 3592 noster
829 3530 943 3606 terras,
967 3527 1191 3614 possessiones,
1207 3533 1241 3594 et
1263 3549 1336 3614 pro-

290 3635 411 3697 ventus
436 3635 506 3695 tem
529 3628 761 3714 temporalium
785 3650 883 3714 quam
908 3630 1130 3716 spiritualium
1144 3632 1187 3698 ad
1210 3632 1336 3697 dictum

289 3731 526 3800 monasterium
558 3735 708 3796 nostrum
742 3731 782 3796 de
806 3731 910 3798 Melea
932 3733 1059 3798 dudum
1085 3735 1333 3820 pertinentium,

290 3841 323 3901 et
353 3839 442 3916 tune,
476 3839 516 3900 ut
547 3834 773 3920 praemittitur,
808 3857 868 3922 per
901 3835 1136 3902 inundationes
1168 3839 1268 3902 maris
1299 3843 1334 3903 et

289 3959 385 4024 aquea
430 3937 605 4002 Humbriae
651 3943 928 4025 consumptorum,
966 3961 987 4003 a
1030 3940 1193 4006 solutione
1237 3940 1334 4006 dictae

289 4041 477 4106 medietatis
500 4040 635 4106 decimae
658 4039 852 4127 excipiebat
892 4040 938 4105 Et
960 4042 1039 4127 quia
1060 4043 1206 4128 praelatis
1229 4044 1332 4108 omni-
1347 4047 1488 4102 Theclaim

289 4165 351 4228 que
383 4142 468 4208 clero
503 4141 652 4208 dioeccsis
686 4147 721 4208 et
750 4143 927 4229 provinciae
961 4143 1100 4210 Eboraci
1129 4145 1165 4210 in
1173 4145 1189 4232 ,¹
1213 4167 1332 4211 convo·
1345 4115 1499 4234 fflffvffi

289 4245 416 4312 catione
439 4251 473 4311 et
505 4245 709 4311 concessione
741 4245 839 4310 dictae
870 4245 1059 4312 medietatis
1094 4248 1227 4314 decimae
1259 4250 1483 4314 con-⁰³t10110011

288 4347 440 4435 gregatis,
463 4346 503 4414 de
535 4347 768 4425 eversionibus,
797 4347 1080 4426 inundationibus,
1104 4351 1331 4429 alluvionibus,
1344 4316 1468 4447 {iffi}

288 4449 568 4516 submersionibus
598 4456 633 4516 ct
667 4451 980 4537 consumptionibus,
1013 4459 1185 4534 terrarum,
1208 4475 1331 4541 posses-
1344 4449 1499 4501 colocerus·

288 4553 419 4618 sionum
442 4557 477 4620 et
506 4553 647 4618 aliorum
676 4556 901 4639 proventuum
922 4559 1120 4634 nostrorum,
1144 4560 1214 4620 tam
1236 4523 1404 4642 spiri-m

597 4764 607 4768 -
624 4763 661 4768 ...-
677 4762 692 4766 -
703 4762 721 4766 —
738 4761 886 4770 -———-——-n-—
897 4765 919 4769 —
937 4763 1166 4770 ----.—.-.-.--
1178 4764 1202 4768 --
1214 4764 1269 4769 -.-.

564 4891 572 4922 ¹
590 4892 664 4942 After
674 4893 708 4954 in,
720 4893 877 4944 concessione
889 4895 982 4956 crased,
994 4893 1049 4946 MS.
