3610 5890
579 857 677 906 auco
700 855 809 908 nonas
832 859 986 918 omarus
1009 859 1169 910 oacruus
1351 849 1390 910 51

338 1031 483 1116 paternis
498 1029 672 1098 affectibus
687 1031 741 1118 pie
757 1033 892 1118 cupiens
907 1031 1091 1112 refraenare,
1108 1034 1190 1099 duos
1205 1034 1393 1111 cardinales,
1406 1043 1474 1096 Ab.
1490 1054 1561 1102 rasa.

337 1133 382 1199 ad
403 1134 624 1221 mitigandum
653 1135 740 1220 regis
763 1135 896 1221 Angliae
920 1135 1077 1202 Edwardi
1101 1137 1259 1217 animum,
1291 1157 1392 1221 usque
1404 1129 1541 1240 {112ng

339 1234 496 1300 Malatreo
519 1259 540 1300 a
570 1257 629 1302 suo
651 1237 756 1302 latere
791 1237 981 1304 destinavit.
1040 1237 1107 1318 Qui
1138 1242 1273 1304 tentum
1304 1238 1391 1324 apud
1404 1209 1555 1322 tengrit?

337 1337 444 1422 ipsum
465 1358 577 1424 regam
603 1338 806 1406 Edwardnm
832 1338 1047 1425 profecerunt,
1072 1339 1160 1425 quod
1190 1340 1280 1405 inter
1301 1337 1477 1426 reges¹¹P⁰¹¹·

337 1443 496 1532 etregna
517 1439 660 1525 Angliaa,
676 1441 825 1506 Franciae
848 1445 884 1508 et
898 1440 1028 1522 Scotiae,
1045 1446 1079 1506 et
1100 1462 1213 1506 eorum
1242 1442 1392 1519 fautores,

336 1545 435 1626 capta
458 1546 509 1606 ast
541 1546 660 1628 treuga
690 1542 871 1610 triennalis.
918 1542 998 1609 Post
1030 1542 1110 1625 haeo,
1132 1543 1204 1630 ipso
1227 1543 1516 1630 Edwardoudwapo

335 1663 412 1730 rege
435 1642 567 1730 Angliae
589 1665 664 1710 cum
694 1643 883 1730 proceribus
914 1665 1035 1710 navem
1067 1646 1110 1710 ad
1144 1646 1391 1732 repatriandum
1404 1619 1560 1751 {ssfflffi'

336 1744 583 1825 conscendente,
607 1767 692 1812 uxor
716 1747 864 1833 Philippi
887 1748 927 1812 de
950 1747 1086 1832 Valoys,
1108 1747 1179 1814 filia
1201 1749 1293 1814 ducis
1308 1749 1393 1814 Bur·
1405 1753 1488 1804 raised
1499 1755 1533 1818 br

335 1847 480 1932 gundiae,
502 1847 660 1912 Edwardi
691 1849 779 1934 regis
809 1848 942 1934 Angliae
972 1849 1193 1935 perditionem
1229 1849 1392 1916 fabricans
1404 1834 1551 1949 ἓξῗᾞῗζξ

336 1953 371 2012 et
400 1949 598 2035 conspirans,
621 1953 766 2034 quatuor
800 1950 976 2034 magistros
999 1950 1035 2014 in
1066 1955 1137 2015 arte
1159 1951 1392 2036 nigromantiae
1404 1967 1485 2016 ‹1110011
1497 1953 1526 2040 af

335 2055 487 2135 expertos
509 2051 552 2116 ad
575 2073 609 2116 se
632 2052 812 2130 accersivit,
835 2073 917 2136 quos
936 2051 997 2118 sub
1021 2073 1077 2138 spe
1093 2052 1261 2118 immensae
1283 2019 1556 2150 remu-maffia

336 2153 516 2216 natationis
538 2152 675 2218 induxit
689 2157 729 2218 ut
752 2151 930 2238 antiquum
952 2151 1083 2218 hostem
1099 2153 1136 2216 in
1157 2153 1244 2238 regis
1259 2152 1390 2240 Angliae

335 2255 554 2340 perditionem
581 2257 650 2320 suis
680 2255 880 2321 carminibus
903 2255 1095 2320 excitarent.
1143 2254 1272 2334 Quibus
1297 2256 1391 2341 jussa

335 2357 586 2443 complentibus,
611 2379 648 2422 eo
682 2362 832 2444 tempore
866 2379 932 2443 quo
964 2356 1151 2422 Edwardus
1183 2379 1242 2423 rex
1275 2379 1390 2424 versus

334 2459 492 2547 Angliam
514 2459 698 2546 navigavit,
715 2459 795 2524 dum
818 2459 856 2524 in
878 2459 963 2524 mari
986 2463 1079 2537 esset,
1103 2459 1215 2525 subito
1230 2459 1319 2526 faeta
1340 2467 1390 2527 est

334 2566 430 2628 tanto
468 2561 566 2628 aieris
604 2567 639 2628 et
664 2563 814 2628 ‘venti‘
839 2561 1062 2648 intemperies,
1101 2563 1190 2648 quod
1236 2564 1390 2630 omnibus

336 2663 482 2731 Francia
504 2664 749 2731 habitatoribus
771 2664 898 2730 horrori
928 2663 995 2728 fuit
1016 2665 1140 2750 pariter
1174 2669 1208 2731 e't
1242 2666 1387 2732 tremori.

333 2765 441 2832 Tanta
462 2767 566 2854 igitur
588 2767 738 2832 horribili
762 2767 903 2832 durante
933 2766 1081 2853 procella,
1112 2767 1182 2853 ipse
1204 2766 1388 2834 Edwardus
1400 2783 1512 2836 Edward

333 2889 392 2934 rex
414 2870 451 2933 in
473 2870 558 2934 mari
572 2869 783 2948 constitutus,
798 2889 935 2936 cernens
950 2869 1036 2936 circa
1051 2889 1085 2935 se
1107 2891 1210 2936 naves
1228 2869 1388 2956 plurimas
1399 2852 1512 2968 2²32?

333 2971 567 3056 periclitantes,
605 2971 756 3037 homines
794 2977 829 3037 ot
875 2993 976 3057 equos
1014 2971 1162 3056 undique
1199 2973 1386 3052 morientes,
1399 2984 1504 3035 roenna

334 3073 436 3136 nimio
458 3073 565 3138 cordis
595 3073 707 3139 dolore
729 3073 906 3150 sauciatus,
929 3073 973 3138 ad
1005 3094 1040 3138 aa
1070 3074 1205 3140 tandem
1227 3058 1547 3154 reversus,¹¹¹⁰¹¹⁸⁸¹“l·

333 3195 443 3238 coram
457 3197 590 3261 corpore
605 3176 779 3242 Dominioo
795 3181 829 3241 et
846 3174 991 3261 quadam
1005 3175 1157 3261 portione
1173 3197 1260 3241 verae
1275 3177 1388 3253 crucis,

334 3297 435 3362 penes
464 3297 556 3363 reges
577 3279 709 3365 Angliae
732 3279 774 3344 ab
800 3278 940 3364 antiquo
962 3277 1137 3356 residente,
1159 3277 1331 3344 humiliter
1352 3285 1387 3344 et

334 3379 454 3444 devote
486 3399 521 3444 se
554 3380 745 3465 prostravit,
781 3401 802 3445 a
832 3379 976 3444 Domino
1000 3384 1035 3444 et
1067 3379 1206 3466 Virgine
1242 3379 1386 3466 gloriosa

333 3480 498 3546 flebilibus
531 3483 666 3548 vocibus
699 3481 871 3569 postulans
894 3487 928 3546 et
960 3502 1099 3546 exorans
1132 3487 1173 3548 ut
1206 3481 1315 3568 ipsum
1349 3483 1386 3547 in

332 3582 432 3648 maris
462 3584 677 3670 voraginibus
706 3605 774 3650 non
796 3584 1004 3672 permitteret
1034 3583 1188 3670 deperire,
1214 3585 1272 3649 sad
1300 3585 1386 3649 sicut

332 3683 426 3750 decet
440 3705 551 3771 regern
573 3685 772 3750 catholicum
795 3689 978 3752 reservaret
991 3685 1072 3750 alibi
1093 3685 1284 3750 finiendum.
1329 3685 1385 3750 Ad

332 3783 409 3862 haec,
446 3807 507 3871 pro
544 3808 604 3852 sua
641 3787 818 3874 ereptione,
857 3794 974 3854 votum
1005 3789 1216 3854 construendi
1250 3787 1386 3874 aliquod

332 3888 567 3954 monasterium
589 3889 626 3952 in
655 3889 778 3976 Anglia
800 3889 988 3958 adhibebat.
1034 3891 1135 3958 Unde
1165 3895 1280 3977 postea
1313 3913 1383 3956 mo·

331 3991 468 4056 naaterii
501 3991 543 4056 de
573 3989 698 4056 Gratiis
735 3992 970 4057 monachorum
1002 3993 1226 4058 Cisterciensis
1258 3991 1384 4058 ordinis

332 4091 487 4158 tirndntor
508 4092 675 4170 extiterat,
692 4097 726 4158 et
748 4093 832 4158 illud
854 4093 1091 4159 monasterium
1116 4095 1207 4160 mille
1230 4095 1384 4159 marcatis

331 4193 481 4262 redditus
496 4195 612 4261 dotare
628 4195 854 4283 promittebat.
900 4194 947 4261 Et
961 4195 1069 4260 adhuc
1082 4195 1119 4260 in
1134 4197 1222 4262 dicto
1236 4197 1382 4284 periculo

330 4297 530 4362 constitutus
561 4319 660 4385 supra
690 4299 800 4386 ipsum
832 4302 940 4362 astare
967 4296 1069 4382 jussit
1100 4299 1290 4378 sacerdotes,
1323 4297 1381 4384 qui

330 4403 444 4464 sancto
466 4397 531 4465 Dei
563 4401 736 4488 evangelia
769 4401 805 4464 in
836 4400 939 4487 ipsius
961 4399 1139 4465 tuitionem
1161 4400 1308 4486 legerent
1338 4399 1381 4462 ad

330 4501 424 4567 vices
471 4502 517 4567 Et
548 4501 656 4568 adhuc
689 4504 831 4569 durante
864 4503 1006 4590 procella
1038 4503 1245 4586 navibusque
1279 4501 1381 4586 ipsius
1392 4513 1532 4582 Decepcive

329 4605 415 4689 regis
437 4605 710 4690 periclitantibus,
734 4606 958 4692 interrogatus
980 4605 1117 4692 spiritus
1147 4602 1300 4690 pestilens
1322 4597 1495 4714 permeet

329 4727 433 4770 unum
457 4705 498 4772 de
521 4709 689 4794 magistris
710 4729 808 4796 super
830 4713 923 4775 statu
945 4709 1031 4794 regis
1053 4705 1184 4793 Angliaa
1199 4705 1553 4792 respondiamenror

1176 4811 1245 4872 ΒΞ
