3614 5888
467 877 531 948 172
644 893 848 942 minumus
869 891 976 940 leurs
999 890 1154 942 ocrrvus
1176 891 1336 940 nncmus.

299 1083 367 1133 Μ).
382 1087 445 1135 1³72
466 1069 514 1135 cis
536 1069 730 1136 nominatur
752 1068 788 1133 in
810 1067 974 1147 abbatem,
1002 1089 1076 1134 cum
1100 1067 1137 1131 in
1159 1065 1268 1154 prima
1291 1065 1450 1132 electione
1472 1063 1514 1128 ad

298 1155 419 1279 iffiu
466 1171 676 1237 abbatiatum
705 1192 774 1236 non
803 1175 890 1235 esset
918 1169 1111 1256 suspicatus.
1172 1169 1247 1246 Hie,
1269 1189 1357 1233 anno
1381 1165 1516 1233 Domini

300 1245 436 1345 ‹litersue-y
469 1277 564 1352 1389,
589 1273 705 1338 divisit
734 1274 858 1338 fossato
885 1293 1033 1357 campum
1066 1271 1108 1336 dc
1130 1270 1366 1356 Northgrange
1396 1291 1417 1333 a
1445 1291 1515 1332 ma·

299 1369 393 1477 ffi·
466 1376 550 1440 riseo
574 1375 615 1440 de
639 1374 737 1439 Ruda
766 1375 855 1439 inter
871 1372 1032 1438 Bennerls
1058 1378 1093 1437 ct
1115 1393 1230 1460 parcos
1256 1393 1372 1437 versus
1395 1370 1515 1457 Wyth·

300 1509 397 1568 grange
468 1477 560 1564 dyk3
592 1477 745 1542 Johanne
777 1477 818 1541 de
849 1477 945 1552 Roos,
979 1475 1113 1541 domino
1148 1475 1189 1540 de
1222 1475 1351 1552 Rowth,
1382 1473 1515 1540 domino

299 1559 442 1675 ffipphano
468 1579 622 1645 Johanne
643 1579 682 1643 de
710 1578 838 1656 Rowth,
854 1582 888 1644 et
903 1577 976 1642 aliis
999 1577 1101 1642 libere
1115 1576 1306 1642 tenentibus
1321 1576 1362 1642 de
1386 1575 1515 1652 Boseth,

301 1692 392 1743 muru
468 1679 749 1746 consentientibus
764 1686 799 1746 et
813 1679 1063 1746 consulentibus
1088 1680 1125 1744 in
1150 1679 1213 1744 hac
1238 1683 1340 1765 porte,
1367 1685 1415 1756 ut,
1441 1699 1516 1743 cum

469 1784 618 1869 antiques
641 1782 756 1849 divisae
771 1783 861 1847 inter
876 1782 1003 1847 dictum
1018 1802 1169 1868 campum
1185 1785 1220 1846 et
1234 1781 1408 1846 mariscum
1426 1783 1517 1866 pate-

469 1890 545 1950 rent
567 1885 747 1962 evidenter,
772 1884 898 1950 dictum
914 1884 1071 1950 fossatum
1095 1883 1130 1947 in
1154 1882 1224 1949 solo
1245 1887 1360 1948 nostro
1386 1881 1518 1968 proprio

470 1988 507 2052 in
537 1987 625 2053 dicto
648 2008 763 2074 campo
786 1987 828 2052 de
857 1986 1094 2074 Northgrange
1117 1985 1341 2065 conficeretur,
1373 1989 1413 2050 ut
1438 1985 1517 2070 ipsae

471 2091 618 2176 antiquar
634 2090 751 2156 divisae
774 2094 869 2155 extra
891 2089 1016 2155 dictum
1032 2087 1192 2172 fossatum
1207 2109 1266 2175 per
1280 2087 1384 2152 trium
1398 2088 1517 2174 pedum

473 2194 617 2280 spatium
640 2197 867 2276 remanerent;
904 2197 951 2270 ut,
975 2191 1004 2256 si
1027 2191 1160 2277 quando
1175 2190 1212 2254 in
1227 2189 1377 2256 futurum
1393 2189 1518 2254 dictum

472 2296 631 2359 fossatum
661 2293 816 2358 mundari
839 2293 973 2358 deberet
1003 2315 1061 2358 seu
1091 2291 1233 2372 dilatari,
1256 2292 1292 2356 in
1315 2291 1385 2358 solo
1407 2297 1518 2357 nostro

472 2396 604 2482 proprio
626 2417 685 2482 pro
708 2396 799 2462 dicto
829 2395 954 2462 fossato
977 2395 1149 2460 dilatando
1171 2393 1366 2472 foderemus,
1389 2398 1429 2458 ut
1451 2415 1519 2457 ma—

471 2499 591 2562 riscum
623 2498 663 2563 de
696 2497 793 2564 Ruda
818 2498 986 2585 integrum
1018 2497 1142 2583 absque
1173 2501 1386 2584 purprestura
1407 2501 1521 2560 nostra

471 2604 662 2665 remaneret.
724 2599 813 2664 Nam
847 2604 925 2666 ante
957 2601 1028 2686 ipsa
1050 2605 1212 2685 tempora,
1235 2599 1347 2664 averia
1372 2599 1407 2663 in
1430 2597 1520 2662 dicto

472 2701 610 2766 marisco
630 2701 672 2766 de
695 2701 818 2767 Rowth
841 2723 875 2767 se
898 2702 1074 2789 pascentia,
1097 2703 1220 2787 absque
1243 2701 1394 2766 custodia
1416 2721 1521 2785 quan-

473 2804 579 2888 doque
602 2803 765 2884 derelicta,
789 2803 888 2869 blada
918 2808 953 2868 et
975 2809 1071 2889 prata
1093 2808 1206 2868 nostra
1228 2801 1264 2867 in
1287 2801 1378 2867 dicto
1404 2823 1520 2888 campo

473 2904 593 2991 ssepius
624 2904 825 2986 invadentis,
861 2904 952 2970 dicta
982 2905 1081 2970 bleda
1107 2908 1142 2969 et
1166 2909 1263 2992 prata
1289 2903 1521 2969 miserabiliter

305 3028 410 3080 saure
473 3008 713 3072 conculcarunt.
760 3006 918 3093 Ejusdem
941 3005 1040 3071 etiam
1066 3005 1198 3070 abbatis
1213 3011 1370 3092 tempore,
1385 3005 1521 3091 quidam

305 3094 420 3160 ⁸9⁰⁰&ss
475 3108 592 3174 Petrus
616 3109 796 3195 Hylyhard
812 3109 852 3174 de
867 3107 1026 3185 Amullio,
1050 3109 1108 3194 qui
1131 3108 1172 3172 de
1195 3108 1290 3172 nobis
1312 3108 1448 3173 tenebat
1463 3128 1522 3193 per

304 3163 454 3292 {pappens-
474 3210 664 3298 homagium
688 3211 855 3296 quandam
887 3209 1062 3296 parcellem
1085 3209 1259 3296 capitalem
1284 3210 1444 3295 mesuagii
1468 3208 1520 3273 eui

303 3293 463 3410 {ffllffi
475 3317 510 3376 et
531 3313 598 3378 alia
621 3317 811 3378 tenemento
826 3313 862 3376 in
884 3311 1045 3392 Amullio,
1069 3311 1289 3398 implacitavit
1304 3333 1364 3377 nos
1387 3312 1428 3376 de
1451 3311 1522 3396 plu·

305 3377 456 3477 andnim&
475 3413 569 3478 rimis
593 3414 723 3478 damnis
746 3413 810 3478 sibi
832 3413 936 3494 factis,
953 3417 992 3478 ut
1005 3414 1155 3492 asseruit,
1178 3415 1215 3478 in
1230 3414 1360 3479 defectu
1382 3413 1522 3478 munda-

304 3491 379 3557 tyle.
475 3515 576 3580 tionis
599 3515 639 3580 de
656 3511 843 3598 Monkdyk‚
867 3515 1044 3602 Withdyk,
1061 3519 1096 3581 et
1111 3515 1289 3600 Eschedyk
1301 3539 1310 3595 3
1333 3523 1368 3580 et
1390 3516 1523 3602 insuper

474 3616 620 3700 ipsorum
643 3615 806 3680 defectum
830 3636 939 3680 coram
957 3616 1151 3701 justitiariis
1175 3617 1295 3682 fecerat
1321 3617 1522 3704 praesentari.

476 3717 539 3784 Oui
577 3721 688 3782 autem
717 3719 975 3804 praesentationi,
1013 3741 1050 3784 eo
1081 3719 1169 3805 quod
1204 3719 1277 3806 ipsa
1306 3719 1428 3785 fossata
1456 3740 1524 3783 non

473 3819 608 3884 fuerunt
645 3839 834 3884 communes
868 3841 1000 3886 sewerse
1031 3822 1074 3886 ab
1104 3821 1252 3907 antiquo,
1276 3822 1361 3886 etsi
1393 3841 1524 3887 sewerae

474 3924 583 3986 essent
598 3941 657 3984 nos
673 3922 717 3986 ad
739 3921 885 4007 ipsarum
902 3922 1153 3988 mundationem
1169 3923 1232 3988 soli
1247 3945 1315 3989 non
1329 3929 1523 4000 teneremur,

474 4021 539 4086 nisi
561 4043 619 4108 pro
635 4023 825 4108 quantitate
848 4030 1011 4089 terrarum
1027 4029 1214 4091 nostrarum
1231 4026 1278 4092 eis
1293 4026 1524 4112 adjacentium,

474 4123 532 4188 sed
554 4123 681 4190 villatas
703 4147 762 4212 pro
786 4127 853 4191 suis
868 4126 1018 4213 percellis
1033 4126 1270 4212 adjacentibus,
1287 4128 1397 4193 conati
1412 4149 1525 4193 sumus

474 4225 645 4291 contraire.
692 4226 757 4292 sed
781 4228 860 4314 quia
875 4229 984 4314 ipsum
998 4228 1159 4314 placitum
1174 4229 1276 4295 finem
1291 4229 1441 4296 debitum
1456 4251 1524 4294 non

474 4331 525 4394 est
551 4327 717 4407 sortitum,
741 4332 776 4391 et
799 4329 924 4394 villatas
946 4328 1132 4414 adjacentes
1166 4331 1255 4397 dicte
1285 4331 1408 4397 fossata
1430 4353 1525 4396 mun-

475 4429 553 4494 dare
575 4433 610 4495 et
632 4449 783 4516 reparare
815 4431 1042 4517 neglexerunt,
1067 4453 1253 4519 processum
1288 4434 1391 4520 ipsius
1413 4433 1525 4520 placiti

307 4551 430 4602 &moral
437 4550 467 4601 or
475 4531 552 4599 huic
575 4533 664 4622 operi
679 4532 799 4599 addere
821 4553 891 4596 non
912 4533 1034 4600 curavi.
1080 4535 1201 4615 Etiam,
1218 4555 1292 4601 cum
1307 4557 1367 4622 per
1389 4536 1524 4622 longum

306 4617 431 4736 {iffi
476 4641 608 4722 tempus
629 4641 809 4724 antequam
824 4635 991 4702 ecclesiam
1006 4635 1047 4702 c‘e
1069 4635 1199 4726 Skypse
1222 4637 1258 4702 in
1281 4661 1359 4704 usus
1374 4639 1524 4726 proprios

309 4750 414 4802 farno
477 4737 707 4820 obtineremus,
730 4762 834 4805 unum
857 4739 1081 4806 molendinum
1107 4741 1320 4808 ventriticum
1335 4741 1372 4806 in
1388 4739 1524 4807 Befortb

308 4816 463 4950 ss‘gflffl
476 4839 574 4906 noos
595 4841 751 4910 auarum
773 4843 897 4922 rusae,
920 4847 955 4910 a
976 4847 1119 4912 reema
1140 4843 1282 4914 ecclesie
1316 4843 1358 4911 ce
1388 4841 1526 4910 aeroas
