3610 5890
559 915 656 966 nuso
677 911 786 964 reuss
808 913 962 975 sumnus
984 911 1144 964 numurus.
1325 898 1365 962 31
1484 987 1490 998 ,

324 1085 427 1152 abbas
451 1087 492 1152 de
508 1085 708 1154 Wellehowe
729 1088 855 1175 recepit
876 1109 919 1154 ex
940 1086 1152 1153 feoffemento
1175 1083 1305 1150 obbatis
1329 1083 1527 1150 dem-1839

327 1189 430 1255 Meles
451 1191 634 1256 manerium
658 1191 699 1256 de
721 1190 923 1278 Wytelesby,
946 1190 1082 1258 licentis
1104 1190 1191 1276 regis
1212 1187 1291 1254 inde
1313 1189 1369 1254 ob-
1380 1165 1485 1291 *3³:223
1495 1241 1538 1292 ue

325 1295 429 1373 tenta,
452 1297 495 1358 40
518 1294 615 1360 annis
637 1297 719 1360 tuno
741 1293 868 1382 elapsis,
902 1298 936 1360 et
967 1295 1060 1359 velet
1091 1315 1149 1380 per
1179 1313 1304 1357 annum
1326 1294 1371 1356 20
1382 1311 1438 1356 rent
1449 1307 1478 1356 of
1486 1307 1528 1357 the

326 1417 458 1462 meroes.
513 1397 560 1462 Et
582 1397 671 1482 quod
692 1395 781 1462 idem
802 1397 905 1462 ebbae
926 1397 968 1462 de
991 1395 1191 1461 Weflehowe
1214 1374 1535 1506 conoessitffigfby·

324 1499 483 1583 praedieto
513 1498 628 1566 ebbeti
660 1499 701 1566 de
732 1499 837 1565 Melso
859 1499 1063 1566 onerandum
1085 1499 1281 1584 praediotum
1303 1519 1372 1562 mo·

325 1602 453 1668 nerium
476 1602 517 1669 de
539 1606 583 1668 20
605 1603 708 1680 libris,
726 1605 768 1668 13
791 1603 951 1682 solidiue
974 1599 1138 1678 denariis¹
1166 1625 1225 1689 per
1247 1623 1371 1667 annum

324 1703 577 1793 imperpetuum,
601 1706 673 1772 sine
695 1704 832 1772 lieentia
845 1705 932 1793 regis
951 1703 1030 1770 inde
1051 1705 1199 1784 obtenta,
1216 1707 1258 1770 36
1275 1705 1372 1770 annis

325 1812 405 1874 tuno
427 1808 554 1895 elapsis.
612 1807 712 1874 Unde
743 1807 832 1874 idem
870 1811 1014 1874 esouetor
1046 1806 1173 1872 dietum
1202 1807 1371 1872 redditum

324 1914 474 1976 nostrum
498 1913 540 1975 20
563 1910 732 1988 librarum,
749 1913 792 1976 13
806 1909 995 1990 solidorum,
1019 1911 1040 1974 4
1064 1907 1318 1996 [denariorum],
1334 1911 1371 1975 in

326 2033 460 2078 menum
481 2013 606 2099 regiam
629 2009 780 2079 eeisivit.²
837 2012 1046 2100 Quapropter
1067 2033 1127 2077 nos
1150 2011 1243 2078 dioto
1265 2033 1370 2078 esoee-

326 2117 392 2179 tori
413 2115 543 2180 litteras
573 2113 704 2204 regies,8
735 2115 818 2180 dieti
849 2115 999 2180 redditus
1029 2115 1201 2180 materiem
1224 2115 1371 2181 seriatim

327 2217 541 2298 continentes,
564 2223 599 2285 et
621 2217 780 2306 quatinus
810 2217 882 2306 ipse
904 2217 945 2282 de
968 2217 1056 2284 dieto
1086 2217 1222 2284 redditu
1244 2239 1279 2284 se
1300 2240 1369 2284 non

326 2319 573 2406 intromitteret,
596 2321 772 2408 exitioque
795 2321 824 2386 si
846 2341 927 2406 quos
949 2317 1058 2386 medio
1087 2325 1234 2408 tempore
1263 2343 1371 2410 peree-

327 2427 422 2510 peret
454 2423 549 2492 nobis
579 2421 794 2502 restitueret,4
827 2444 939 2488 sumus
970 2421 1104 2508 edepti3
1138 2421 1273 2490 domino
1294 2446 1372 2512 rege

325 2529 473 2596 tenorem
495 2527 685 2594 litterarum
708 2527 753 2592 sie
770 2525 927 2592 esesetori
950 2524 1156 2604 directurum,
1171 2526 1215 2592 sd
1235 2527 1372 2613 requisi-

326 2630 452 2696 tionem
474 2635 630 2710 nostram,
654 2629 716 2694 sub
747 2629 870 2696 litteris
891 2627 960 2696 uris
982 2627 1174 2716 petentibus
1195 2629 1291 2694 nobis
1313 2651 1372 2696 ex·

327 2732 558 2820 emplifieante.
603 2732 747 2812 Interes,
769 2731 912 2798 vicarius
935 2729 1078 2798 eoelesiae
1092 2731 1134 2797 de
1149 2731 1289 2820 Skypse,
1311 2736 1369 2821 qui
1383 2741 1489 2809 Skypse.

326 2841 406 2900 tuno
427 2834 502 2914 fuit,
525 2857 604 2923 erge
630 2834 801 2900 dominum
831 2834 1110 2922 arehiepiscopum
1133 2856 1192 2921 pro
1214 2823 1532 2942 augmen-{eetiss‘ifflf

326 2937 453 3004 tatione
473 2937 637 3024 portionis
650 2938 783 3003 vieeriae
805 2959 874 3004 ense
896 2937 1178 3025 prosequebatur3
1199 2937 1370 3006 dimidiam
1384 2955 1540 3008 sermome

325 3045 511 3108 eeruoetem
525 3045 632 3120 terrae,
648 3061 723 3106 oum
738 3041 892 3106 omnibns
906 3041 1116 3126 pertinentiis
1131 3039 1207 3120 suis,
1223 3041 1371 3126 quietem
1386 3023 1416 3073 of
1422 3023 1528 3090 ”im

327 3149 363 3210 et
384 3143 522 3208 liberem
555 3143 598 3209 eb
627 3143 719 3208 omni
747 3141 911 3208 solutione
934 3143 1142 3220 deeimarum
1165 3147 1235 3208 tum
1257 3143 1373 3208 blndi²

328 3267 427 3333 quem
460 3244 631 3310 mobilium
668 3249 703 3310 et
734 3245 883 3310 omnium
916 3244 1056 3309 alierum
1087 3265 1206 3324 rernm,
1241 3265 1315 3310 eum
1351 3250 1371 3310 2

327 3347 423 3414 tostis
444 3346 488 3411 ed
510 3347 632 3412 diotem
655 3345 825 3413 eeclesiam
846 3346 1101 3434 pertinentibus,
1126 3367 1239 3412 omnes
1269 3348 1371 3414 etium

329 3449 511 3516 oblationes
533 3455 569 3515 et
590 3449 807 3516 obventiones
833 3450 948 3516 utteris
979 3454 1100 3538 praeter
1121 3451 1264 3517 decimas
1286 3451 1372 3520 lenae

327 3557 362 3618 et
382 3572 553 3640 agnorum,
576 3552 797 3640 postulend03
830 3575 891 3641 pro
922 3575 970 3631 oo,
1002 3559 1044 3619 ut
1075 3552 1240 3633 asseruit,6
1261 3555 1372 3642 quod⁷

326 3655 435 3744 plures
468 3655 585 3722 vicarii
619 3656 716 3724 dictae
749 3655 891 3724 oooleeiae
922 3657 957 3721 in
992 3657 1194 3744 possessione
1225 3659 1373 3748 ipserum

327 3759 506 3847 petitarum
529 3759 737 3846 aliquamdiu
758 3760 985 3848 perstiterunt.
1030 3760 1096 3826 Sed
1110 3766 1223 3827 tomen
1237 3763 1374 3830 minime

327 3863 508 3949 praevulens
538 3861 576 3926 in
609 3861 670 3927 heo
700 3867 807 3950 perte,
829 3867 963 3928 tuntum
992 3863 1166 3949 antiquum
1187 3865 1372 3950 portionem

326 3970 397 4030 tam
417 3967 489 4052 ipse
511 3987 612 4052 quem
634 3985 833 4032 suwessores
855 3967 908 4031 sui
928 3963 1165 4054 peroepenmt⁸
1209 3966 1521 4048 Robertusurghomu

327 4067 443 4152 itaque
463 4067 553 4133 filius
576 4067 738 4134 Willelmi
759 4069 821 4134 filii
843 4068 1008 4135 Johennis
1038 4069 1079 4134 de
1102 4067 1373 4156 Wythornewyk
1387 4049 1525 4166 ffifff

327 4191 349 4234 o
371 4169 466 4235 nobis
488 4175 594 4237 totam
624 4177 749 4238 terrum
777 4177 927 4238 nostram
949 4172 990 4237 de
1013 4170 1180 4256 Erghome
1201 4175 1376 4260 expetivit,
1386 4180 1525 4301 Quoru-

362 4403 370 4438 ¹
387 4407 463 4459 Aser
473 4407 581 4460 ᾰεηαηϊε
594 4408 682 4471 insert,
699 4412 732 4461 ed
748 4416 831 4461 certos
907 4409 918 4440 ⁸
936 4407 1017 4476 blado]
1029 4409 1169 4475 bladorum,
1180 4411 1210 4462 P.

328 4487 456 4550 terminos,
466 4489 498 4540 P.
908 4487 920 4522 ⁰
935 4491 1057 4557 mit]
1070 4493 1203 4553 merebor,
1213 4491 1245 4542 P.
1262 4491 1265 4495 '

361 4567 372 4600 ²
388 4570 414 4618 in
431 4605 438 4618 .
456 4606 462 4618 .
482 4569 588 4636 sasivit]
602 4568 764 4632 confluebat,
775 4569 805 4620 P.
909 4568 920 4606 ⁷
936 4569 1012 4636 quod]
1027 4585 1111 4635 quem,
1121 4571 1148 4620 in
1159 4573 1220 4623 both
1230 4571 1307 4626 MSS.

360 4647 484 4714 ἥψω]
499 4651 628 4714 quasdem,
638 4651 669 4700 P.
908 4648 987 4698 θίαν(
1005 4687 1011 4700 .
1030 4652 1224 4716 .perceperuut]
1238 4667 1309 4703 susm
1319 4666 1375 4718 per·

364 4727 374 4760 ⁴
386 4729 462 4780 Aster
472 4727 727 4780 restitueretinsertin
734 4727 832 4790 effectu,
877 4727 938 4792 cipit
949 4729 977 4780 in
987 4729 1114 4793 praeusti,
1125 4729 1153 4780 P.
