3610 5890
435 873 456 934 4
668 885 766 933 suco
788 883 896 936 nasas
919 886 1070 946 ournrus
1091 886 1252 936 uramus

272 1075 340 1127 AD.
354 1081 416 1127 laec
438 1058 593 1145 magistro
628 1059 770 1124 Ricardo
804 1059 845 1124 de
877 1057 1100 1146 Ottringham,
1123 1059 1160 1123 in
1191 1081 1307 1147 puram
1342 1067 1376 1124 et
1411 1081 1483 1145 per·

271 1147 363 1194 '1³⁴⁹‘
438 1166 570 1249 petuam
593 1162 834 1248 eleemosynam
856 1162 1060 1242 retinemus;
1083 1184 1121 1228 ac
1143 1161 1246 1227 etiam
1260 1162 1349 1248 quod
1372 1165 1479 1238 terrae,

272 1225 386 1342 ffing-
440 1269 628 1330 tenementa
650 1270 685 1330 et
713 1264 871 1346 redditus,
901 1286 968 1329 una
1001 1287 1075 1330 cum
1105 1265 1256 1352 homagio
1283 1269 1318 1330 et
1340 1264 1483 1329 servitiis

273 1384 405 1436 Laeana.
438 1366 539 1432 libere
573 1367 767 1446 tenentium,
791 1388 872 1454 quas
902 1367 942 1432 de
975 1367 1062 1432 dono
1092 1367 1257 1433 Johannis
1288 1367 1328 1433 de
1355 1366 1483 1432 Lascels

439 1470 605 1548 habemus,
639 1470 680 1536 de
711 1469 843 1536 domino
876 1491 951 1555 rege
982 1491 1040 1556 per
1070 1471 1244 1535 servitium
1277 1469 1420 1535 militare
1449 1471 1484 1532 et

439 1581 561 1643 sectam
583 1577 627 1641 ad
641 1577 885 1664 wapentagium
900 1577 940 1642 de
957 1575 1177 1644 Holdernesse
1199 1581 1363 1643 tenentur.
1411 1576 1483 1657 Quo

441 1679 573 1766 quidem
611 1685 764 1766 tempore,
796 1679 964 1744 Johannes
995 1679 1083 1745 filius
1120 1685 1154 1746 et
1187 1679 1281 1745 heres
1313 1679 1394 1744 dicti
1425 1680 1483 1744 Jo-

440 1783 558 1847 hannis
580 1782 709 1848 Lascels
731 1781 820 1846 dicta
849 1787 1046 1860 tenementa,
1070 1804 1143 1868 quae
1173 1787 1367 1870 paterenus
1388 1781 1483 1846 nobis

440 1885 589 1964 contulit,
612 1891 651 1950 ut
668 1884 725 1971 jus
753 1905 850 1950 suum
880 1884 1114 1950 hereditarium
1143 1885 1349 1950 vendicabat
1395 1885 1482 1964 Qua-

440 1993 573 2076 propter
598 1986 834 2054 exhibitionem
863 1987 1029 2072 quandam
1059 1988 1090 2052 ei
1119 1987 1163 2052 ad
1193 1989 1371 2054 terminum
1403 1986 1482 2052 vitm

439 2113 507 2156 suae
529 2092 566 2154 in
587 2091 784 2156 monasterio
800 2089 999 2167 dederamus,
1015 2090 1132 2177 etipse
1155 2091 1244 2156 dicta
1263 2096 1374 2170 terras,
1392 2093 1482 2155 tene-

439 2198 552 2258 menta
574 2197 608 2257 et
630 2193 786 2270 redditus,
801 2190 897 2256 nobis
911 2192 1152 2278 imperpetuum
1174 2193 1354 2259 relaxabat.
1401 2192 1484 2256 Wil-

439 2296 555 2360 lelmuo
570 2295 668 2360 etiam
684 2293 778 2380 Pelly
792 2292 833 2358 de
850 2292 1063 2378 Ottringham
1078 2294 1171 2360 dedit
1192 2295 1288 2360 nobis
1310 2295 1376 2360 duo
1400 2317 1480 2360 mes-

440 2400 559 2485 suagio,
583 2397 649 2462 duo
671 2397 755 2461 totta
777 2401 811 2462 ct
834 2417 933 2461 unam
956 2395 1070 2462 rodam
1093 2402 1197 2472 terrae,
1212 2398 1249 2462 in
1273 2398 1480 2484 Otringham,

440 2521 514 2585 quae
548 2500 588 2564 de
623 2497 718 2563 nobis
741 2497 939 2563 tenebantur
960 2521 1018 2586 per
1040 2499 1213 2566 servitium
1243 2507 1386 2586 quatuor
1408 2501 1483 2565 soli-

440 2605 562 2668 dorum
584 2601 769 2678 annuatim,
800 2605 834 2665 et
865 2603 947 2686 quae,
978 2623 1036 2688 per
1066 2602 1313 2688 inquisitionem
1353 2609 1482 2689 captam

440 2707 565 2772 virtute
587 2704 697 2768 brevis
711 2705 754 2768 ad
776 2704 864 2790 quod
878 2703 1044 2782 damnum,
1068 2705 1156 2770 ultra
1170 2705 1343 2770 servitium
1357 2706 1482 2770 dictum

441 2813 461 2872 4
496 2807 681 2884 solidorum,
712 2805 749 2870 in
787 2805 938 2870 omnibus
969 2806 1122 2884 exitibus,
1157 2806 1201 2872 ad
1239 2829 1297 2872 sex
1331 2808 1481 2873 denarios

438 2933 565 2976 annuos
601 2915 734 2976 tantum
771 2908 1043 2974 extendebantur.
1101 2909 1200 2975 Unde
1238 2909 1391 2976 dominus
1422 2933 1482 2977 rex

438 3013 532 3078 nobis
554 3001 649 3078 suam¹
668 3011 836 3077 licentiam
858 3012 1066 3088 concedebat,
1089 3011 1177 3096 quod
1200 3011 1273 3098 ipsa
1294 3017 1484 3078 tenementa
1545 3091 1548 3098 Ι

438 3115 612 3201 acquirere,
635 3136 702 3178 non
736 3113 887 3180 obstante
910 3119 1039 3178 statuto
1070 3113 1112 3178 ad
1142 3135 1278 3178 manum
1310 3121 1480 3194 mortuam,

438 3219 627 3293 valeremus,
658 3216 696 3280 in
728 3215 872 3280 valorem
904 3215 1044 3280 duorum
1076 3215 1263 3296 solidorum,
1287 3217 1324 3280 in
1354 3223 1480 3304 partem

275 3337 383 3389 Mn‘nte-
438 3321 669 3388 satisfactionis
691 3317 832 3404 triginta
854 3318 1048 3383 libratarum
1075 3325 1174 3384 terrae
1196 3340 1277 3404 ques
1299 3319 1481 3386 Edwardus

274 3405 521 3536 ffiffitssdfflfl
552 3445 630 3487 suus
667 3421 763 3486 nobis
794 3419 961 3506 acquirere
999 3421 1204 3486 concedebat.
1260 3422 1330 3486 Nos
1360 3427 1480 3500 autem,

275 3536 422 3587 swilliam
438 3525 604 3591 occasione
626 3523 722 3586 diotae
747 3521 980 3607 inquisitionis,
1002 3524 1215 3588 concessimus
1241 3523 1377 3610 praefato
1400 3525 1482 3590 Wil-

274 3603 534 3734 fflgmmlelmo
567 3622 841 3690 sustentationem
879 3623 1048 3690 honestam
1086 3625 1123 3688 in
1155 3625 1297 3705 abbatia,
1321 3647 1379 3712 pro
1410 3649 1481 3712 per-

276 3735 337 3784 vim
349 3737 390 3786 Sir
437 3735 537 3816 petuo
574 3727 778 3793 duraturam.
838 3726 970 3791 Interea
1006 3727 1146 3812 quidem,
1184 3749 1257 3792 cum
1295 3733 1430 3814 propter
1461 3733 1482 3799 7

274 3801 578 3935 fflss'tbovatas
600 3836 697 3896 terrae
720 3834 754 3894 et
786 3832 825 3892 15
858 3829 944 3895 tofta
966 3829 1003 3893 in
1027 3828 1178 3908 Suttona,
1203 3852 1277 3915 quae
1298 3831 1335 3894 in
1357 3831 1480 3898 boreali

276 3935 321 4000 ³¹³8
330 3936 400 4001 right
439 3938 533 4023 parte
554 3933 594 3998 de
616 3931 806 3996 Westkerre
829 3931 869 3996 de
892 3931 1036 3996 Suttona
1062 3931 1300 3997 communicare
1322 3931 1480 4011 solebant,

273 4001 305 4118 {ff
312 4017 428 4122 fflm'
438 4039 543 4126 ipsam
576 4041 702 4123 partem
732 4035 893 4099 borealem
917 4038 1060 4120 pasturae
1081 4032 1203 4098 fossato
1226 4034 1391 4100 includere
1414 4036 1480 4100 dis·

274 4134 355 4252 gerra.
438 4141 631 4214 tulissemus,
654 4139 731 4202 licet
753 4137 902 4202 licentias
925 4141 1166 4201 antecessorum
1188 4137 1315 4202 domini
1336 4143 1416 4204 tunc
1439 4140 1479 4204 de

293 4208 388 4255 attona
437 4246 581 4312 Suttona
613 4241 735 4306 dictam
766 4239 929 4305 borealem
964 4244 1091 4326 partem
1123 4243 1267 4324 pastina
1301 4240 1341 4305 de
1372 4240 1479 4307 West

333 4339 335 4353 ¹
436 4347 531 4412 kerre
567 4343 754 4409 includendi
791 4342 920 4407 fossatis
958 4341 1158 4419 haberemus,
1192 4349 1226 4408 et
1263 4349 1360 4409 metae
1392 4345 1480 4410 inter

436 4453 556 4518 dictam
578 4447 722 4534 placeam
755 4449 852 4511 te'rrae
882 4449 916 4509 et
950 4444 1112 4530 reliquum
1136 4451 1279 4530 pasturas
1306 4446 1346 4511 de
1370 4445 1478 4513 West-

434 4556 529 4621 kerre
551 4551 667 4638 positae
694 4549 737 4613 ad
763 4547 888 4611 nullam
921 4569 1003 4632 pene
1026 4547 1229 4612 evidentiam
1262 4549 1476 4628 devenissent,

435 4657 587 4722 dominus
609 4653 778 4718 Johannes
807 4649 847 4714 de
878 4649 1030 4728 Suttona,
1062 4653 1142 4715 tunc
1173 4651 1324 4716 dominus
1345 4651 1477 4732 ibidem,

435 4782 501 4826 non
525 4755 733 4824 obstantibus
763 4751 885 4818 chartis
907 4758 1145 4822 antecessorum
1168 4775 1310 4833 suorum,
1336 4777 1478 4836 commu·
