<?xml version="1.0" encoding="UTF-8"?>
<!DOCTYPE html PUBLIC "-//W3C//DTD XHTML 1.0 Transitional//EN"
    "http://www.w3.org/TR/xhtml1/DTD/xhtml1-transitional.dtd">
<html xmlns="http://www.w3.org/1999/xhtml" xml:lang="en" lang="en">
 <head>
  <title>
</title>
<meta http-equiv="Content-Type" content="text/html;charset=utf-8" />
  <meta name='ocr-system' content='tesseract 3.04.00' />
  <meta name='ocr-capabilities' content='ocr_page ocr_carea ocr_par ocr_line ocrx_word'/>
</head>
<body>
  <div class='ocr_page' id='page_1' title='image "./chronicamonaste01thomgoog_0127.png"; bbox 0 0 3610 5890; ppageno 0'>
   <div class='ocr_carea' id='block_1_1' title="bbox 522 885 1337 960">
    <p class='ocr_par' dir='ltr' id='par_1_1' title="bbox 522 885 1337 960">
     <span class='ocr_line' id='line_1_1' title="bbox 522 885 1337 960; baseline -0.006 -8"><span class='ocrx_word' id='word_1_1' title='bbox 522 899 622 952; x_wconf 74' lang='lat' dir='ltr'>EUGO</span> <span class='ocrx_word' id='word_1_2' title='bbox 642 897 753 950; x_wconf 69' lang='lat' dir='ltr'>ABBAB</span> <span class='ocrx_word' id='word_1_3' title='bbox 774 898 928 960; x_wconf 67' lang='lat' dir='ltr'><strong>conisus</strong></span> <span class='ocrx_word' id='word_1_4' title='bbox 949 897 1111 948; x_wconf 69' lang='lat' dir='ltr'><strong>nuenton.</strong></span> <span class='ocrx_word' id='word_1_5' title='bbox 1297 885 1337 948; x_wconf 85' lang='grc'><strong>15</strong></span> 
     </span>
    </p>
   </div>
   <div class='ocr_carea' id='block_1_2' title="bbox 286 1074 1513 4662">
    <p class='ocr_par' dir='ltr' id='par_1_2' title="bbox 286 1074 1513 1474">
     <span class='ocr_line' id='line_1_2' title="bbox 288 1074 1499 1166; baseline -0.003 -24"><span class='ocrx_word' id='word_1_6' title='bbox 288 1077 416 1144; x_wconf 83' lang='lat' dir='ltr'><strong>domini</strong></span> <span class='ocrx_word' id='word_1_7' title='bbox 452 1075 617 1165; x_wconf 78' lang='lat' dir='ltr'><strong>Hugcuis,</strong></span> <span class='ocrx_word' id='word_1_8' title='bbox 653 1078 699 1143; x_wconf 88' lang='lat' dir='ltr'><strong>ad</strong></span> <span class='ocrx_word' id='word_1_9' title='bbox 734 1077 840 1166; x_wconf 73' lang='lat' dir='ltr'><strong>ipsam</strong></span> <span class='ocrx_word' id='word_1_10' title='bbox 877 1075 1044 1141; x_wconf 83' lang='lat' dir='ltr'><strong>ecclesiam</strong></span> <span class='ocrx_word' id='word_1_11' title='bbox 1073 1076 1115 1141; x_wconf 91' lang='lat' dir='ltr'><strong>de</strong></span> <span class='ocrx_word' id='word_1_12' title='bbox 1146 1074 1343 1162; x_wconf 82' lang='lat' dir='ltr'><strong>Esyngtona</strong></span> <span class='ocrx_word' id='word_1_13' title='bbox 1352 1083 1422 1137; x_wconf 66' lang='grc' dir='ltr'>ΔΙ).</span> <span class='ocrx_word' id='word_1_14' title='bbox 1436 1092 1499 1140; x_wconf 77' lang='lat' dir='ltr'><strong>ross</strong></span> 
     </span>
     <span class='ocr_line' id='line_1_3' title="bbox 286 1158 1513 1268; baseline -0.001 -22"><span class='ocrx_word' id='word_1_15' title='bbox 286 1180 518 1268; x_wconf 74' lang='lat' dir='ltr'><strong>praesentsndi</strong></span> <span class='ocrx_word' id='word_1_16' title='bbox 561 1181 669 1248; x_wconf 83' lang='lat' dir='ltr'><strong>dietus</strong></span> <span class='ocrx_word' id='word_1_17' title='bbox 714 1200 843 1246; x_wconf 89' lang='lat' dir='ltr'><strong>annuus</strong></span> <span class='ocrx_word' id='word_1_18' title='bbox 888 1179 1037 1246; x_wconf 84' lang='lat' dir='ltr'><strong>redditus</strong></span> <span class='ocrx_word' id='word_1_19' title='bbox 1091 1178 1134 1244; x_wconf 85' lang='lat' dir='ltr'><strong>xl</strong></span> <span class='ocrx_word' id='word_1_20' title='bbox 1180 1158 1444 1244; x_wconf 79' lang='lat' dir='ltr'><strong>librarum&#39;¹³⁴⁹·</strong></span> <span class='ocrx_word' id='word_1_21' title='bbox 1506 1183 1513 1188; x_wconf 84' lang='lat'>&#39;</span> 
     </span>
     <span class='ocr_line' id='line_1_4' title="bbox 287 1280 1341 1370; baseline -0.004 -20"><span class='ocrx_word' id='word_1_22' title='bbox 287 1284 433 1362; x_wconf 86' lang='lat' dir='ltr'><strong>cessavit,</strong></span> <span class='ocrx_word' id='word_1_23' title='bbox 455 1283 595 1350; x_wconf 87' lang='lat' dir='ltr'><strong>ulterius</strong></span> <span class='ocrx_word' id='word_1_24' title='bbox 626 1282 763 1350; x_wconf 87' lang='lat' dir='ltr'><strong>minime</strong></span> <span class='ocrx_word' id='word_1_25' title='bbox 794 1281 984 1370; x_wconf 78' lang='lat' dir='ltr'><strong>exigendus.</strong></span> <span class='ocrx_word' id='word_1_26' title='bbox 1032 1280 1105 1361; x_wconf 80' lang='lat' dir='ltr'><strong>Qui,</strong></span> <span class='ocrx_word' id='word_1_27' title='bbox 1129 1303 1204 1347; x_wconf 91' lang='lat' dir='ltr'><strong>cum</strong></span> <span class='ocrx_word' id='word_1_28' title='bbox 1234 1282 1341 1370; x_wconf 75' lang='lat' dir='ltr'><strong>ipsam</strong></span> 
     </span>
     <span class='ocr_line' id='line_1_5' title="bbox 286 1385 1340 1474; baseline -0.004 -20"><span class='ocrx_word' id='word_1_29' title='bbox 286 1387 455 1454; x_wconf 87' lang='lat' dir='ltr'><strong>eeclesiam</strong></span> <span class='ocrx_word' id='word_1_30' title='bbox 477 1387 518 1453; x_wconf 89' lang='lat' dir='ltr'><strong>de</strong></span> <span class='ocrx_word' id='word_1_31' title='bbox 532 1387 730 1474; x_wconf 83' lang='lat' dir='ltr'><strong>Esyngtona</strong></span> <span class='ocrx_word' id='word_1_32' title='bbox 743 1407 802 1474; x_wconf 88' lang='lat' dir='ltr'><strong>per</strong></span> <span class='ocrx_word' id='word_1_33' title='bbox 816 1407 921 1452; x_wconf 84' lang='lat' dir='ltr'><strong>annos</strong></span> <span class='ocrx_word' id='word_1_34' title='bbox 936 1385 1072 1471; x_wconf 88' lang='lat' dir='ltr'><strong>aliquot,</strong></span> <span class='ocrx_word' id='word_1_35' title='bbox 1086 1391 1126 1452; x_wconf 92' lang='lat' dir='ltr'><strong>ut</strong></span> <span class='ocrx_word' id='word_1_36' title='bbox 1144 1385 1340 1473; x_wconf 71' lang='lat' dir='ltr'><strong>predictum</strong></span> 
     </span>
    </p>

    <p class='ocr_par' dir='ltr' id='par_1_3' title="bbox 286 1487 1340 1577">
     <span class='ocr_line' id='line_1_6' title="bbox 286 1487 1340 1577; baseline -0.001 -20"><span class='ocrx_word' id='word_1_37' title='bbox 286 1495 344 1570; x_wconf 88' lang='lat' dir='ltr'><strong>est,</strong></span> <span class='ocrx_word' id='word_1_38' title='bbox 373 1492 540 1570; x_wconf 90' lang='lat' dir='ltr'><strong>retineret,</strong></span> <span class='ocrx_word' id='word_1_39' title='bbox 571 1491 707 1572; x_wconf 74' lang='lat' dir='ltr'><strong>eamJin</strong></span> <span class='ocrx_word' id='word_1_40' title='bbox 737 1511 855 1556; x_wconf 86' lang='lat' dir='ltr'><strong>manus</strong></span> <span class='ocrx_word' id='word_1_41' title='bbox 885 1487 1120 1576; x_wconf 87' lang='lat' dir='ltr'><strong>archiepiscopi</strong></span> <span class='ocrx_word' id='word_1_42' title='bbox 1149 1489 1340 1577; x_wconf 82' lang='lat' dir='ltr'><strong>resignavit.</strong></span> 
     </span>
    </p>

    <p class='ocr_par' dir='ltr' id='par_1_4' title="bbox 287 1592 1512 1991">
     <span class='ocr_line' id='line_1_7' title="bbox 288 1592 1512 1680; baseline -0.003 -20"><span class='ocrx_word' id='word_1_43' title='bbox 288 1594 388 1660; x_wconf 90' lang='lat' dir='ltr'><strong>Unde</strong></span> <span class='ocrx_word' id='word_1_44' title='bbox 428 1615 488 1662; x_wconf 88' lang='lat' dir='ltr'><strong>nos</strong></span> <span class='ocrx_word' id='word_1_45' title='bbox 529 1594 599 1680; x_wconf 88' lang='lat' dir='ltr'><strong>ejus</strong></span> <span class='ocrx_word' id='word_1_46' title='bbox 638 1593 860 1658; x_wconf 87' lang='lat' dir='ltr'><strong>indemnitate</strong></span> <span class='ocrx_word' id='word_1_47' title='bbox 892 1595 1124 1680; x_wconf 73' lang='lat' dir='ltr'><strong>precaventes,</strong></span> <span class='ocrx_word' id='word_1_48' title='bbox 1164 1592 1270 1658; x_wconf 86' lang='lat' dir='ltr'><strong>eidem</strong></span> <span class='ocrx_word' id='word_1_49' title='bbox 1304 1594 1341 1659; x_wconf 90' lang='lat' dir='ltr'><strong>in</strong></span> <span class='ocrx_word' id='word_1_50' title='bbox 1354 1601 1512 1670; x_wconf 78' lang='lat' dir='ltr'><strong>Annuityor</strong></span> 
     </span>
     <span class='ocr_line' id='line_1_8' title="bbox 287 1673 1496 1792; baseline 0.002 -30"><span class='ocrx_word' id='word_1_51' title='bbox 287 1697 527 1784; x_wconf 84' lang='lat' dir='ltr'><strong>quaterviginti</strong></span> <span class='ocrx_word' id='word_1_52' title='bbox 547 1696 641 1762; x_wconf 85' lang='lat' dir='ltr'><strong>libris</strong></span> <span class='ocrx_word' id='word_1_53' title='bbox 663 1697 793 1778; x_wconf 89' lang='lat' dir='ltr'><strong>annuis,</strong></span> <span class='ocrx_word' id='word_1_54' title='bbox 816 1696 860 1761; x_wconf 88' lang='lat' dir='ltr'><strong>ad</strong></span> <span class='ocrx_word' id='word_1_55' title='bbox 882 1699 988 1760; x_wconf 89' lang='lat' dir='ltr'><strong>totam</strong></span> <span class='ocrx_word' id='word_1_56' title='bbox 1010 1694 1117 1760; x_wconf 88' lang='lat' dir='ltr'><strong>vitam</strong></span> <span class='ocrx_word' id='word_1_57' title='bbox 1132 1717 1234 1778; x_wconf 88' lang='lat' dir='ltr'><strong>suam,</strong></span> <span class='ocrx_word' id='word_1_58' title='bbox 1250 1699 1341 1786; x_wconf 85' lang='lat' dir='ltr'><strong>apud</strong></span> <span class='ocrx_word' id='word_1_59' title='bbox 1353 1673 1496 1792; x_wconf 44' lang='grc' dir='ltr'><strong>ἓξὲξ</strong></span> 
     </span>
     <span class='ocr_line' id='line_1_9' title="bbox 288 1797 1415 1887; baseline -0.003 -19"><span class='ocrx_word' id='word_1_60' title='bbox 288 1799 537 1887; x_wconf 79' lang='lat' dir='ltr'><strong>Cantabriginm</strong></span> <span class='ocrx_word' id='word_1_61' title='bbox 559 1799 792 1887; x_wconf 77' lang='lat' dir='ltr'><strong>persolvendis,</strong></span> <span class='ocrx_word' id='word_1_62' title='bbox 807 1821 866 1886; x_wconf 86' lang='lat' dir='ltr'><strong>per</strong></span> <span class='ocrx_word' id='word_1_63' title='bbox 889 1797 1052 1882; x_wconf 76' lang='lat' dir='ltr'>quoddam</span> <span class='ocrx_word' id='word_1_64' title='bbox 1077 1798 1236 1886; x_wconf 84' lang='lat' dir='ltr'><strong>scriptum</strong></span> <span class='ocrx_word' id='word_1_65' title='bbox 1259 1801 1415 1866; x_wconf 76' lang='lat' dir='ltr'><strong>obli-him</strong></span> 
     </span>
     <span class='ocr_line' id='line_1_10' title="bbox 287 1899 1341 1991; baseline 0.002 -23"><span class='ocrx_word' id='word_1_66' title='bbox 287 1903 452 1991; x_wconf 78' lang='lat' dir='ltr'><strong>guterium</strong></span> <span class='ocrx_word' id='word_1_67' title='bbox 485 1907 637 1968; x_wconf 88' lang='lat' dir='ltr'><strong>nostrum</strong></span> <span class='ocrx_word' id='word_1_68' title='bbox 666 1923 776 1969; x_wconf 88' lang='lat' dir='ltr'><strong>eoram</strong></span> <span class='ocrx_word' id='word_1_69' title='bbox 805 1899 999 1986; x_wconf 71' lang='lat' dir='ltr'><strong>justiciariis</strong></span> <span class='ocrx_word' id='word_1_70' title='bbox 1026 1901 1152 1966; x_wconf 89' lang='lat' dir='ltr'><strong>domini</strong></span> <span class='ocrx_word' id='word_1_71' title='bbox 1180 1904 1267 1989; x_wconf 86' lang='lat' dir='ltr'><strong>regis</strong></span> <span class='ocrx_word' id='word_1_72' title='bbox 1304 1905 1341 1970; x_wconf 89' lang='lat' dir='ltr'><strong>in</strong></span> 
     </span>
    </p>

    <p class='ocr_par' dir='ltr' id='par_1_5' title="bbox 287 2005 1341 2084">
     <span class='ocr_line' id='line_1_11' title="bbox 287 2005 1341 2084; baseline 0.001 -12"><span class='ocrx_word' id='word_1_73' title='bbox 287 2007 392 2072; x_wconf 83' lang='lat' dir='ltr'><strong>banco</strong></span> <span class='ocrx_word' id='word_1_74' title='bbox 425 2007 591 2072; x_wconf 88' lang='lat' dir='ltr'><strong>communi</strong></span> <span class='ocrx_word' id='word_1_75' title='bbox 620 2005 843 2084; x_wconf 71' lang='lat' dir='ltr'><strong>immolatum,</strong></span> <span class='ocrx_word' id='word_1_76' title='bbox 866 2007 1018 2069; x_wconf 84' lang='lat' dir='ltr'><strong>nostrum</strong></span> <span class='ocrx_word' id='word_1_77' title='bbox 1048 2005 1285 2072; x_wconf 86' lang='lat' dir='ltr'><strong>monasterium</strong></span> <span class='ocrx_word' id='word_1_78' title='bbox 1307 2013 1341 2073; x_wconf 92' lang='lat' dir='ltr'><strong>et</strong></span> 
     </span>
    </p>

    <p class='ocr_par' dir='ltr' id='par_1_6' title="bbox 288 2105 1341 2196">
     <span class='ocr_line' id='line_1_12' title="bbox 288 2105 1341 2196; baseline 0 -20"><span class='ocrx_word' id='word_1_79' title='bbox 288 2131 350 2176; x_wconf 89' lang='lat' dir='ltr'><strong>nos</strong></span> <span class='ocrx_word' id='word_1_80' title='bbox 371 2109 606 2196; x_wconf 83' lang='lat' dir='ltr'><strong>obligabamus</strong></span> <span class='ocrx_word' id='word_1_81' title='bbox 660 2107 707 2174; x_wconf 84' lang='lat' dir='ltr'><strong>Et</strong></span> <span class='ocrx_word' id='word_1_82' title='bbox 727 2130 787 2196; x_wconf 92' lang='lat' dir='ltr'><strong>pro</strong></span> <span class='ocrx_word' id='word_1_83' title='bbox 817 2105 935 2194; x_wconf 84' lang='lat' dir='ltr'><strong>majori</strong></span> <span class='ocrx_word' id='word_1_84' title='bbox 957 2107 1133 2174; x_wconf 83' lang='lat' dir='ltr'><strong>securitate</strong></span> <span class='ocrx_word' id='word_1_85' title='bbox 1164 2109 1262 2176; x_wconf 79' lang='lat' dir='ltr'><strong>diotae</strong></span> <span class='ocrx_word' id='word_1_86' title='bbox 1284 2133 1341 2176; x_wconf 90' lang='lat' dir='ltr'><strong>an-</strong></span> 
     </span>
    </p>

    <p class='ocr_par' dir='ltr' id='par_1_7' title="bbox 288 2210 1342 2402">
     <span class='ocr_line' id='line_1_13' title="bbox 288 2210 1341 2300; baseline 0 -22"><span class='ocrx_word' id='word_1_87' title='bbox 288 2235 366 2278; x_wconf 81' lang='lat' dir='ltr'><strong>nuae</strong></span> <span class='ocrx_word' id='word_1_88' title='bbox 388 2213 551 2299; x_wconf 81' lang='lat' dir='ltr'><strong>pensionis</strong></span> <span class='ocrx_word' id='word_1_89' title='bbox 572 2211 666 2277; x_wconf 70' lang='lat' dir='ltr'><strong>lxxx</strong></span> <span class='ocrx_word' id='word_1_90' title='bbox 688 2233 870 2276; x_wconf 80' lang='lat' dir='ltr'><strong>marcarum</strong></span> <span class='ocrx_word' id='word_1_91' title='bbox 892 2212 1029 2297; x_wconf 79' lang='lat' dir='ltr'><strong>praefato</strong></span> <span class='ocrx_word' id='word_1_92' title='bbox 1053 2210 1188 2278; x_wconf 89' lang='lat' dir='ltr'><strong>domino</strong></span> <span class='ocrx_word' id='word_1_93' title='bbox 1204 2212 1341 2300; x_wconf 85' lang='lat' dir='ltr'><strong>Hugoni</strong></span> 
     </span>
     <span class='ocr_line' id='line_1_14' title="bbox 288 2313 1342 2402; baseline 0.002 -22"><span class='ocrx_word' id='word_1_94' title='bbox 288 2315 432 2380; x_wconf 85' lang='lat' dir='ltr'><strong>fideliter</strong></span> <span class='ocrx_word' id='word_1_95' title='bbox 452 2314 615 2394; x_wconf 74' lang='lat' dir='ltr'><strong>faciendae,</strong></span> <span class='ocrx_word' id='word_1_96' title='bbox 642 2315 800 2402; x_wconf 68' lang='lat' dir='ltr'><strong>prefatus</strong></span> <span class='ocrx_word' id='word_1_97' title='bbox 820 2313 924 2380; x_wconf 80' lang='lat' dir='ltr'><strong>abbas</strong></span> <span class='ocrx_word' id='word_1_98' title='bbox 957 2319 1070 2380; x_wconf 90' lang='lat' dir='ltr'><strong>noster</strong></span> <span class='ocrx_word' id='word_1_99' title='bbox 1091 2313 1202 2402; x_wconf 84' lang='lat' dir='ltr'><strong>Hugo,</strong></span> <span class='ocrx_word' id='word_1_100' title='bbox 1225 2337 1285 2402; x_wconf 89' lang='lat' dir='ltr'><strong>pro</strong></span> <span class='ocrx_word' id='word_1_101' title='bbox 1307 2339 1342 2382; x_wconf 92' lang='lat' dir='ltr'><strong>se</strong></span> 
     </span>
    </p>

    <p class='ocr_par' dir='ltr' id='par_1_8' title="bbox 289 2416 1342 2508">
     <span class='ocr_line' id='line_1_15' title="bbox 289 2416 1342 2508; baseline -0.001 -23"><span class='ocrx_word' id='word_1_102' title='bbox 289 2421 325 2485; x_wconf 92' lang='lat' dir='ltr'><strong>et</strong></span> <span class='ocrx_word' id='word_1_103' title='bbox 348 2421 513 2483; x_wconf 88' lang='lat' dir='ltr'><strong>conventu</strong></span> <span class='ocrx_word' id='word_1_104' title='bbox 543 2423 667 2498; x_wconf 68' lang='lat' dir='ltr'><strong>nostro,</strong></span> <span class='ocrx_word' id='word_1_105' title='bbox 689 2419 726 2482; x_wconf 86' lang='lat' dir='ltr'><strong>in</strong></span> <span class='ocrx_word' id='word_1_106' title='bbox 748 2416 941 2484; x_wconf 86' lang='lat' dir='ltr'><strong>cancellaria</strong></span> <span class='ocrx_word' id='word_1_107' title='bbox 963 2416 1090 2482; x_wconf 90' lang='lat' dir='ltr'><strong>domini</strong></span> <span class='ocrx_word' id='word_1_108' title='bbox 1112 2417 1207 2506; x_wconf 86' lang='lat' dir='ltr'><strong>regis,</strong></span> <span class='ocrx_word' id='word_1_109' title='bbox 1231 2439 1342 2508; x_wconf 84' lang='lat' dir='ltr'><strong>recog-</strong></span> 
     </span>
    </p>

    <p class='ocr_par' dir='ltr' id='par_1_9' title="bbox 289 2519 1343 2608">
     <span class='ocr_line' id='line_1_16' title="bbox 289 2519 1343 2608; baseline 0.004 -23"><span class='ocrx_word' id='word_1_110' title='bbox 289 2520 385 2586; x_wconf 87' lang='lat' dir='ltr'><strong>novit</strong></span> <span class='ocrx_word' id='word_1_111' title='bbox 398 2541 433 2586; x_wconf 91' lang='lat' dir='ltr'><strong>se</strong></span> <span class='ocrx_word' id='word_1_112' title='bbox 447 2520 587 2607; x_wconf 76' lang='lat' dir='ltr'><strong>praefato</strong></span> <span class='ocrx_word' id='word_1_113' title='bbox 602 2521 737 2586; x_wconf 90' lang='lat' dir='ltr'><strong>domino</strong></span> <span class='ocrx_word' id='word_1_114' title='bbox 752 2519 891 2608; x_wconf 85' lang='lat' dir='ltr'><strong>Hngoni</strong></span> <span class='ocrx_word' id='word_1_115' title='bbox 905 2520 947 2586; x_wconf 86' lang='lat' dir='ltr'><strong>de</strong></span> <span class='ocrx_word' id='word_1_116' title='bbox 962 2519 1178 2607; x_wconf 80' lang='lat' dir='ltr'><strong>Glainnvylla</strong></span> <span class='ocrx_word' id='word_1_117' title='bbox 1200 2520 1237 2586; x_wconf 91' lang='lat' dir='ltr'><strong>in</strong></span> <span class='ocrx_word' id='word_1_118' title='bbox 1252 2523 1343 2590; x_wconf 90' lang='lat' dir='ltr'><strong>mille</strong></span> 
     </span>
    </p>

    <p class='ocr_par' dir='ltr' id='par_1_10' title="bbox 289 2621 1343 2814">
     <span class='ocr_line' id='line_1_17' title="bbox 289 2621 1343 2710; baseline 0.006 -22"><span class='ocrx_word' id='word_1_119' title='bbox 289 2624 382 2688; x_wconf 88' lang='lat' dir='ltr'><strong>libris</strong></span> <span class='ocrx_word' id='word_1_120' title='bbox 404 2623 642 2710; x_wconf 68' lang='lat' dir='ltr'><strong>sterlingorum</strong></span> <span class='ocrx_word' id='word_1_121' title='bbox 674 2621 822 2710; x_wconf 81' lang='lat' dir='ltr'><strong>obligari,</strong></span> <span class='ocrx_word' id='word_1_122' title='bbox 845 2623 875 2688; x_wconf 90' lang='lat' dir='ltr'><strong>si</strong></span> <span class='ocrx_word' id='word_1_123' title='bbox 897 2623 940 2687; x_wconf 84' lang='lat' dir='ltr'><strong>ad</strong></span> <span class='ocrx_word' id='word_1_124' title='bbox 962 2623 1121 2690; x_wconf 87' lang='lat' dir='ltr'><strong>terminos</strong></span> <span class='ocrx_word' id='word_1_125' title='bbox 1143 2625 1343 2694; x_wconf 86' lang='lat' dir='ltr'><strong>constitutos</strong></span> 
     </span>
     <span class='ocr_line' id='line_1_18' title="bbox 289 2725 1342 2814; baseline 0.004 -22"><span class='ocrx_word' id='word_1_126' title='bbox 289 2727 466 2814; x_wconf 76' lang='lat' dir='ltr'><strong>aliquando</strong></span> <span class='ocrx_word' id='word_1_127' title='bbox 489 2725 702 2792; x_wconf 85' lang='lat' dir='ltr'><strong>deficeremus</strong></span> <span class='ocrx_word' id='word_1_128' title='bbox 724 2726 762 2790; x_wconf 91' lang='lat' dir='ltr'><strong>in</strong></span> <span class='ocrx_word' id='word_1_129' title='bbox 782 2725 947 2791; x_wconf 90' lang='lat' dir='ltr'><strong>solutione</strong></span> <span class='ocrx_word' id='word_1_130' title='bbox 968 2725 1134 2812; x_wconf 82' lang='lat' dir='ltr'><strong>pensionis</strong></span> <span class='ocrx_word' id='word_1_131' title='bbox 1156 2728 1342 2796; x_wconf 80' lang='lat' dir='ltr'><strong>antedictae.</strong></span> 
     </span>
    </p>

    <p class='ocr_par' dir='ltr' id='par_1_11' title="bbox 290 2827 1342 2916">
     <span class='ocr_line' id='line_1_19' title="bbox 290 2827 1342 2916; baseline 0.003 -21"><span class='ocrx_word' id='word_1_132' title='bbox 290 2829 409 2896; x_wconf 87' lang='lat' dir='ltr'><strong>Postea</strong></span> <span class='ocrx_word' id='word_1_133' title='bbox 430 2832 544 2894; x_wconf 83' lang='lat' dir='ltr'><strong>sutem</strong></span> <span class='ocrx_word' id='word_1_134' title='bbox 565 2829 655 2894; x_wconf 90' lang='lat' dir='ltr'><strong>idem</strong></span> <span class='ocrx_word' id='word_1_135' title='bbox 670 2827 823 2894; x_wconf 87' lang='lat' dir='ltr'><strong>dominus</strong></span> <span class='ocrx_word' id='word_1_136' title='bbox 839 2827 940 2916; x_wconf 84' lang='lat' dir='ltr'><strong>Hugo</strong></span> <span class='ocrx_word' id='word_1_137' title='bbox 955 2828 997 2894; x_wconf 88' lang='lat' dir='ltr'><strong>de</strong></span> <span class='ocrx_word' id='word_1_138' title='bbox 1012 2827 1236 2916; x_wconf 82' lang='lat' dir='ltr'><strong>Glainnvylla,</strong></span> <span class='ocrx_word' id='word_1_139' title='bbox 1250 2831 1342 2898; x_wconf 91' lang='lat' dir='ltr'><strong>desc·</strong></span> 
     </span>
    </p>

    <p class='ocr_par' dir='ltr' id='par_1_12' title="bbox 288 2929 1342 3022">
     <span class='ocr_line' id='line_1_20' title="bbox 288 2929 1342 3022; baseline 0.004 -26"><span class='ocrx_word' id='word_1_140' title='bbox 288 2933 406 2998; x_wconf 89' lang='lat' dir='ltr'><strong>lationi</strong></span> <span class='ocrx_word' id='word_1_141' title='bbox 443 2936 567 2998; x_wconf 79' lang='lat' dir='ltr'><strong>nostrae</strong></span> <span class='ocrx_word' id='word_1_142' title='bbox 601 2953 795 3018; x_wconf 87' lang='lat' dir='ltr'><strong>compassus,</strong></span> <span class='ocrx_word' id='word_1_143' title='bbox 829 2929 871 2995; x_wconf 88' lang='lat' dir='ltr'><strong>de</strong></span> <span class='ocrx_word' id='word_1_144' title='bbox 903 2931 1069 3017; x_wconf 86' lang='lat' dir='ltr'><strong>praedictis</strong></span> <span class='ocrx_word' id='word_1_145' title='bbox 1103 2936 1342 3022; x_wconf 80' lang='lat' dir='ltr'><strong>quaterviginti</strong></span> 
     </span>
    </p>

    <p class='ocr_par' dir='ltr' id='par_1_13' title="bbox 288 3033 1342 3122">
     <span class='ocr_line' id='line_1_21' title="bbox 288 3033 1342 3122; baseline 0.003 -22"><span class='ocrx_word' id='word_1_146' title='bbox 288 3033 381 3100; x_wconf 88' lang='lat' dir='ltr'><strong>libris</strong></span> <span class='ocrx_word' id='word_1_147' title='bbox 403 3035 524 3100; x_wconf 73' lang='lat' dir='ltr'><strong>annuis</strong></span> <span class='ocrx_word' id='word_1_148' title='bbox 546 3033 643 3100; x_wconf 89' lang='lat' dir='ltr'><strong>nobis</strong></span> <span class='ocrx_word' id='word_1_149' title='bbox 665 3034 790 3122; x_wconf 85' lang='lat' dir='ltr'><strong>viginti</strong></span> <span class='ocrx_word' id='word_1_150' title='bbox 811 3054 936 3098; x_wconf 88' lang='lat' dir='ltr'><strong>marcas</strong></span> <span class='ocrx_word' id='word_1_151' title='bbox 958 3055 1085 3100; x_wconf 85' lang='lat' dir='ltr'><strong>annues</strong></span> <span class='ocrx_word' id='word_1_152' title='bbox 1106 3036 1287 3118; x_wconf 72' lang='lat' dir='ltr'><strong>relaxabat,</strong></span> <span class='ocrx_word' id='word_1_153' title='bbox 1303 3044 1342 3103; x_wconf 94' lang='lat' dir='ltr'><strong>ut</strong></span> 
     </span>
    </p>

    <p class='ocr_par' dir='ltr' id='par_1_14' title="bbox 288 3137 1343 3328">
     <span class='ocr_line' id='line_1_22' title="bbox 289 3137 1342 3227; baseline 0.005 -25"><span class='ocrx_word' id='word_1_154' title='bbox 289 3137 331 3202; x_wconf 86' lang='lat' dir='ltr'><strong>de</strong></span> <span class='ocrx_word' id='word_1_155' title='bbox 364 3141 483 3203; x_wconf 78' lang='lat' dir='ltr'><strong>csetero</strong></span> <span class='ocrx_word' id='word_1_156' title='bbox 513 3137 545 3202; x_wconf 90' lang='lat' dir='ltr'><strong>ei</strong></span> <span class='ocrx_word' id='word_1_157' title='bbox 566 3141 700 3202; x_wconf 86' lang='lat' dir='ltr'><strong>centum</strong></span> <span class='ocrx_word' id='word_1_158' title='bbox 730 3157 857 3202; x_wconf 83' lang='lat' dir='ltr'><strong>merces</strong></span> <span class='ocrx_word' id='word_1_159' title='bbox 887 3159 1023 3216; x_wconf 88' lang='lat' dir='ltr'><strong>annuas,</strong></span> <span class='ocrx_word' id='word_1_160' title='bbox 1052 3139 1113 3203; x_wconf 91' lang='lat' dir='ltr'><strong>sub</strong></span> <span class='ocrx_word' id='word_1_161' title='bbox 1142 3140 1342 3227; x_wconf 74' lang='lat' dir='ltr'><strong>praescriptis</strong></span> 
     </span>
     <span class='ocr_line' id='line_1_23' title="bbox 288 3237 1343 3328; baseline 0.002 -22"><span class='ocrx_word' id='word_1_162' title='bbox 288 3239 529 3318; x_wconf 69' lang='lat' dir='ltr'><strong>securitatibus,</strong></span> <span class='ocrx_word' id='word_1_163' title='bbox 538 3240 714 3305; x_wconf 84' lang='lat' dir='ltr'><strong>annuatim</strong></span> <span class='ocrx_word' id='word_1_164' title='bbox 728 3237 995 3326; x_wconf 84' lang='lat' dir='ltr'><strong>persolveremus.</strong></span> <span class='ocrx_word' id='word_1_165' title='bbox 1026 3240 1104 3328; x_wconf 85' lang='lat' dir='ltr'><strong>Ipse</strong></span> <span class='ocrx_word' id='word_1_166' title='bbox 1118 3247 1230 3309; x_wconf 85' lang='lat' dir='ltr'><strong>autem</strong></span> <span class='ocrx_word' id='word_1_167' title='bbox 1245 3243 1343 3310; x_wconf 89' lang='lat' dir='ltr'><strong>ecole-</strong></span> 
     </span>
    </p>

    <p class='ocr_par' dir='ltr' id='par_1_15' title="bbox 289 3341 1343 3432">
     <span class='ocr_line' id='line_1_24' title="bbox 289 3341 1343 3432; baseline 0.006 -26"><span class='ocrx_word' id='word_1_168' title='bbox 289 3343 340 3406; x_wconf 92' lang='lat' dir='ltr'><strong>sia</strong></span> <span class='ocrx_word' id='word_1_169' title='bbox 362 3341 403 3406; x_wconf 89' lang='lat' dir='ltr'><strong>de</strong></span> <span class='ocrx_word' id='word_1_170' title='bbox 425 3341 625 3430; x_wconf 63' lang='lat' dir='ltr'><strong>Esyngsons</strong></span> <span class='ocrx_word' id='word_1_171' title='bbox 649 3341 693 3408; x_wconf 84' lang='lat' dir='ltr'><strong>ed</strong></span> <span class='ocrx_word' id='word_1_172' title='bbox 725 3342 818 3429; x_wconf 89' lang='lat' dir='ltr'><strong>cujus</strong></span> <span class='ocrx_word' id='word_1_173' title='bbox 847 3346 928 3408; x_wconf 90' lang='lat' dir='ltr'><strong>tunc</strong></span> <span class='ocrx_word' id='word_1_174' title='bbox 949 3343 1137 3429; x_wconf 74' lang='lat' dir='ltr'><strong>parochiam</strong></span> <span class='ocrx_word' id='word_1_175' title='bbox 1168 3345 1240 3432; x_wconf 86' lang='lat' dir='ltr'><strong>ipsa</strong></span> <span class='ocrx_word' id='word_1_176' title='bbox 1261 3346 1343 3412; x_wconf 87' lang='lat' dir='ltr'><strong>villa</strong></span> 
     </span>
    </p>

    <p class='ocr_par' dir='ltr' id='par_1_16' title="bbox 289 3444 1509 3951">
     <span class='ocr_line' id='line_1_25' title="bbox 289 3444 1342 3534; baseline 0.004 -24"><span class='ocrx_word' id='word_1_177' title='bbox 289 3445 331 3510; x_wconf 91' lang='lat' dir='ltr'><strong>de</strong></span> <span class='ocrx_word' id='word_1_178' title='bbox 358 3444 563 3532; x_wconf 77' lang='lat' dir='ltr'><strong>Esyngtona‚</strong></span> <span class='ocrx_word' id='word_1_179' title='bbox 585 3451 621 3511; x_wconf 91' lang='lat' dir='ltr'><strong>et</strong></span> <span class='ocrx_word' id='word_1_180' title='bbox 639 3445 729 3511; x_wconf 77' lang='lat' dir='ltr'><strong>villae</strong></span> <span class='ocrx_word' id='word_1_181' title='bbox 752 3445 794 3511; x_wconf 91' lang='lat' dir='ltr'><strong>de</strong></span> <span class='ocrx_word' id='word_1_182' title='bbox 817 3445 1061 3527; x_wconf 86' lang='lat' dir='ltr'><strong>Ravenserodd,</strong></span> <span class='ocrx_word' id='word_1_183' title='bbox 1083 3447 1286 3534; x_wconf 84' lang='lat' dir='ltr'><strong>Dymeltoua</strong></span> <span class='ocrx_word' id='word_1_184' title='bbox 1307 3456 1342 3516; x_wconf 91' lang='lat' dir='ltr'><strong>et</strong></span> 
     </span>
     <span class='ocr_line' id='line_1_26' title="bbox 289 3547 1343 3638; baseline 0.006 -25"><span class='ocrx_word' id='word_1_185' title='bbox 289 3547 462 3624; x_wconf 69' lang='lat' dir='ltr'><strong>Nevvtoua,</strong></span> <span class='ocrx_word' id='word_1_186' title='bbox 484 3548 705 3636; x_wconf 83' lang='lat' dir='ltr'><strong>pertinebunt,</strong></span> <span class='ocrx_word' id='word_1_187' title='bbox 728 3549 772 3613; x_wconf 81' lang='lat' dir='ltr'><strong>sd</strong></span> <span class='ocrx_word' id='word_1_188' title='bbox 794 3549 1014 3638; x_wconf 73' lang='lat' dir='ltr'><strong>quadraginta</strong></span> <span class='ocrx_word' id='word_1_189' title='bbox 1034 3551 1136 3616; x_wconf 84' lang='lat' dir='ltr'><strong>libres</strong></span> <span class='ocrx_word' id='word_1_190' title='bbox 1149 3552 1343 3620; x_wconf 84' lang='lat' dir='ltr'><strong>extenditur</strong></span> 
     </span>
     <span class='ocr_line' id='line_1_27' title="bbox 289 3649 1509 3747; baseline 0.004 -31"><span class='ocrx_word' id='word_1_191' title='bbox 289 3652 470 3718; x_wconf 84' lang='lat' dir='ltr'><strong>annuatim.</strong></span> <span class='ocrx_word' id='word_1_192' title='bbox 518 3649 623 3736; x_wconf 77' lang='lat' dir='ltr'><strong>Cujus</strong></span> <span class='ocrx_word' id='word_1_193' title='bbox 646 3650 781 3718; x_wconf 87' lang='lat' dir='ltr'><strong>decimas</strong></span> <span class='ocrx_word' id='word_1_194' title='bbox 806 3655 885 3716; x_wconf 89' lang='lat' dir='ltr'><strong>sunt</strong></span> <span class='ocrx_word' id='word_1_195' title='bbox 914 3673 972 3717; x_wconf 88' lang='lat' dir='ltr'><strong>sex</strong></span> <span class='ocrx_word' id='word_1_196' title='bbox 998 3673 1122 3720; x_wconf 74' lang='lat' dir='ltr'><strong>maroe.</strong></span> <span class='ocrx_word' id='word_1_197' title='bbox 1177 3655 1509 3747; x_wconf 61' lang='lat' dir='ltr'><strong>Oneraturchnrggson</strong></span> 
     </span>
     <span class='ocr_line' id='line_1_28' title="bbox 289 3735 1496 3840; baseline 0.007 -22"><span class='ocrx_word' id='word_1_198' title='bbox 289 3757 400 3819; x_wconf 82' lang='lat' dir='ltr'><strong>autem</strong></span> <span class='ocrx_word' id='word_1_199' title='bbox 415 3758 575 3840; x_wconf 89' lang='lat' dir='ltr'><strong>perpetuo</strong></span> <span class='ocrx_word' id='word_1_200' title='bbox 589 3753 631 3818; x_wconf 88' lang='lat' dir='ltr'><strong>de</strong></span> <span class='ocrx_word' id='word_1_201' title='bbox 645 3753 770 3840; x_wconf 84' lang='lat' dir='ltr'><strong>viginti</strong></span> <span class='ocrx_word' id='word_1_202' title='bbox 785 3757 820 3818; x_wconf 92' lang='lat' dir='ltr'><strong>et</strong></span> <span class='ocrx_word' id='word_1_203' title='bbox 834 3775 902 3818; x_wconf 84' lang='lat' dir='ltr'><strong>una</strong></span> <span class='ocrx_word' id='word_1_204' title='bbox 915 3756 1035 3822; x_wconf 87' lang='lat' dir='ltr'><strong>mercis</strong></span> <span class='ocrx_word' id='word_1_205' title='bbox 1048 3757 1191 3839; x_wconf 82' lang='lat' dir='ltr'><strong>vicori03</strong></span> <span class='ocrx_word' id='word_1_206' title='bbox 1213 3760 1255 3825; x_wconf 91' lang='lat' dir='ltr'><strong>de</strong></span> <span class='ocrx_word' id='word_1_207' title='bbox 1270 3783 1343 3826; x_wconf 88' lang='lat' dir='ltr'><strong>oen·</strong></span> <span class='ocrx_word' id='word_1_208' title='bbox 1356 3735 1398 3787; x_wconf 67' lang='lat' dir='ltr'><strong>‘h‘</strong></span> <span class='ocrx_word' id='word_1_209' title='bbox 1408 3737 1496 3803; x_wconf 76' lang='lat' dir='ltr'><strong>hung.</strong></span> 
     </span>
     <span class='ocr_line' id='line_1_29' title="bbox 290 3855 1340 3951; baseline 0.007 -30"><span class='ocrx_word' id='word_1_210' title='bbox 290 3859 362 3921; x_wconf 91' lang='lat' dir='ltr'><strong>tum</strong></span> <span class='ocrx_word' id='word_1_211' title='bbox 387 3855 501 3921; x_wconf 89' lang='lat' dir='ltr'><strong>solidis</strong></span> <span class='ocrx_word' id='word_1_212' title='bbox 523 3855 765 3944; x_wconf 80' lang='lat' dir='ltr'><strong>archiepiscopo</strong></span> <span class='ocrx_word' id='word_1_213' title='bbox 788 3860 823 3922; x_wconf 90' lang='lat' dir='ltr'><strong>et</strong></span> <span class='ocrx_word' id='word_1_214' title='bbox 845 3858 990 3944; x_wconf 87' lang='lat' dir='ltr'><strong>capitulo</strong></span> <span class='ocrx_word' id='word_1_215' title='bbox 1020 3859 1181 3943; x_wconf 82' lang='lat' dir='ltr'><strong>Eboraci3</strong></span> <span class='ocrx_word' id='word_1_216' title='bbox 1211 3863 1252 3928; x_wconf 93' lang='lat' dir='ltr'><strong>de</strong></span> <span class='ocrx_word' id='word_1_217' title='bbox 1282 3865 1340 3951; x_wconf 92' lang='lat' dir='ltr'><strong>vij.</strong></span> 
     </span>
    </p>

    <p class='ocr_par' dir='ltr' id='par_1_17' title="bbox 290 3957 1342 4054">
     <span class='ocr_line' id='line_1_30' title="bbox 290 3957 1342 4054; baseline 0.01 -30"><span class='ocrx_word' id='word_1_218' title='bbox 290 3958 401 4024; x_wconf 89' lang='lat' dir='ltr'><strong>solidis</strong></span> <span class='ocrx_word' id='word_1_219' title='bbox 422 3957 466 4044; x_wconf 88' lang='lat' dir='ltr'><strong>vj.</strong></span> <span class='ocrx_word' id='word_1_220' title='bbox 480 3957 625 4024; x_wconf 88' lang='lat' dir='ltr'><strong>denariis</strong></span> <span class='ocrx_word' id='word_1_221' title='bbox 638 3981 699 4045; x_wconf 92' lang='lat' dir='ltr'><strong>pro</strong></span> <span class='ocrx_word' id='word_1_222' title='bbox 713 3959 942 4048; x_wconf 78' lang='lat' dir='ltr'><strong>procuratione</strong></span> <span class='ocrx_word' id='word_1_223' title='bbox 956 3961 1185 4030; x_wconf 84' lang='lat' dir='ltr'><strong>archidiacono</strong></span> <span class='ocrx_word' id='word_1_224' title='bbox 1198 3989 1207 4046; x_wconf 82' lang='lat'><em>3</em></span> <span class='ocrx_word' id='word_1_225' title='bbox 1228 3966 1270 4032; x_wconf 91' lang='lat' dir='ltr'><strong>de</strong></span> <span class='ocrx_word' id='word_1_226' title='bbox 1284 3967 1342 4054; x_wconf 91' lang='lat' dir='ltr'><strong>iiiJ&#39;.</strong></span> 
     </span>
    </p>

    <p class='ocr_par' dir='ltr' id='par_1_18' title="bbox 290 4060 1343 4154">
     <span class='ocr_line' id='line_1_31' title="bbox 290 4060 1343 4154; baseline 0.01 -29"><span class='ocrx_word' id='word_1_227' title='bbox 290 4060 403 4126; x_wconf 89' lang='lat' dir='ltr'><strong>solidis</strong></span> <span class='ocrx_word' id='word_1_228' title='bbox 416 4061 657 4148; x_wconf 84' lang='lat' dir='ltr'><strong>archiepiscopo</strong></span> <span class='ocrx_word' id='word_1_229' title='bbox 671 4083 731 4150; x_wconf 91' lang='lat' dir='ltr'><strong>pro</strong></span> <span class='ocrx_word' id='word_1_230' title='bbox 745 4063 978 4148; x_wconf 83' lang='lat' dir='ltr'><strong>synodalibus3</strong></span> <span class='ocrx_word' id='word_1_231' title='bbox 1001 4066 1042 4130; x_wconf 92' lang='lat' dir='ltr'><strong>de</strong></span> <span class='ocrx_word' id='word_1_232' title='bbox 1056 4066 1151 4152; x_wconf 87' lang='lat' dir='ltr'><strong>xliiij.</strong></span> <span class='ocrx_word' id='word_1_233' title='bbox 1167 4071 1343 4154; x_wconf 85' lang='lat' dir='ltr'><strong>quarteriis</strong></span> 
     </span>
    </p>

    <p class='ocr_par' dir='ltr' id='par_1_19' title="bbox 290 4164 1343 4459">
     <span class='ocr_line' id='line_1_32' title="bbox 291 4164 1342 4252; baseline 0.011 -23"><span class='ocrx_word' id='word_1_234' title='bbox 291 4185 406 4230; x_wconf 83' lang='lat' dir='ltr'><strong>avenae</strong></span> <span class='ocrx_word' id='word_1_235' title='bbox 439 4164 616 4252; x_wconf 75' lang='lat' dir='ltr'><strong>praeposito</strong></span> <span class='ocrx_word' id='word_1_236' title='bbox 639 4164 888 4247; x_wconf 85' lang='lat' dir='ltr'><strong>Beverlaoensi3</strong></span> <span class='ocrx_word' id='word_1_237' title='bbox 915 4166 954 4231; x_wconf 90' lang='lat' dir='ltr'><strong>de</strong></span> <span class='ocrx_word' id='word_1_238' title='bbox 979 4172 1220 4237; x_wconf 84' lang='lat' dir='ltr'><strong>sustentatione</strong></span> <span class='ocrx_word' id='word_1_239' title='bbox 1243 4175 1342 4240; x_wconf 88' lang='lat' dir='ltr'><strong>unius</strong></span> 
     </span>
     <span class='ocr_line' id='line_1_33' title="bbox 290 4267 1341 4365; baseline 0.01 -32"><span class='ocrx_word' id='word_1_240' title='bbox 290 4267 445 4333; x_wconf 71' lang='lat' dir='ltr'><strong>cantorie</strong></span> <span class='ocrx_word' id='word_1_241' title='bbox 477 4289 538 4355; x_wconf 90' lang='lat' dir='ltr'><strong>pro</strong></span> <span class='ocrx_word' id='word_1_242' title='bbox 569 4268 681 4334; x_wconf 83' lang='lat' dir='ltr'><strong>anima</strong></span> <span class='ocrx_word' id='word_1_243' title='bbox 710 4268 835 4334; x_wconf 89' lang='lat' dir='ltr'><strong>domiui</strong></span> <span class='ocrx_word' id='word_1_244' title='bbox 864 4269 1028 4336; x_wconf 78' lang='lat' dir='ltr'><strong>Johannis</strong></span> <span class='ocrx_word' id='word_1_245' title='bbox 1060 4271 1101 4337; x_wconf 90' lang='lat' dir='ltr'><strong>de</strong></span> <span class='ocrx_word' id='word_1_246' title='bbox 1132 4273 1341 4365; x_wconf 75' lang='lat' dir='ltr'><strong>Cotingham</strong></span> 
     </span>
     <span class='ocr_line' id='line_1_34' title="bbox 290 4369 1343 4459; baseline 0.012 -25"><span class='ocrx_word' id='word_1_247' title='bbox 290 4369 453 4448; x_wconf 84' lang='lat' dir='ltr'><strong>videlieet,</strong></span> <span class='ocrx_word' id='word_1_248' title='bbox 477 4371 519 4435; x_wconf 88' lang='lat' dir='ltr'><strong>de</strong></span> <span class='ocrx_word' id='word_1_249' title='bbox 541 4391 600 4436; x_wconf 88' lang='lat' dir='ltr'><strong>sex</strong></span> <span class='ocrx_word' id='word_1_250' title='bbox 621 4370 739 4436; x_wconf 86' lang='lat' dir='ltr'><strong>marcis</strong></span> <span class='ocrx_word' id='word_1_251' title='bbox 761 4371 929 4459; x_wconf 71' lang='lat' dir='ltr'><strong>capellano</strong></span> <span class='ocrx_word' id='word_1_252' title='bbox 954 4373 1112 4441; x_wconf 86' lang='lat' dir='ltr'><strong>servienti</strong></span> <span class='ocrx_word' id='word_1_253' title='bbox 1135 4377 1243 4444; x_wconf 89' lang='lat' dir='ltr'><strong>eidem</strong></span> <span class='ocrx_word' id='word_1_254' title='bbox 1269 4405 1343 4446; x_wconf 82' lang='lat' dir='ltr'><strong>can-</strong></span> 
     </span>
    </p>

    <p class='ocr_par' dir='ltr' id='par_1_20' title="bbox 289 4473 1340 4563">
     <span class='ocr_line' id='line_1_35' title="bbox 289 4473 1340 4563; baseline 0.01 -26"><span class='ocrx_word' id='word_1_255' title='bbox 289 4473 393 4550; x_wconf 86' lang='lat' dir='ltr'><strong>tariee,</strong></span> <span class='ocrx_word' id='word_1_256' title='bbox 415 4477 564 4560; x_wconf 90' lang='lat' dir='ltr'><strong>tempore</strong></span> <span class='ocrx_word' id='word_1_257' title='bbox 579 4473 743 4538; x_wconf 85' lang='lat' dir='ltr'><strong>Johannis</strong></span> <span class='ocrx_word' id='word_1_258' title='bbox 767 4474 808 4538; x_wconf 86' lang='lat' dir='ltr'><strong>de</strong></span> <span class='ocrx_word' id='word_1_259' title='bbox 831 4474 957 4562; x_wconf 81' lang='lat' dir='ltr'><strong>Ryslsy</strong></span> <span class='ocrx_word' id='word_1_260' title='bbox 973 4476 1104 4544; x_wconf 80' lang='lat' dir='ltr'><strong>abbatis</strong></span> <span class='ocrx_word' id='word_1_261' title='bbox 1123 4487 1276 4563; x_wconf 83' lang='lat' dir='ltr'><strong>onerats3</strong></span> <span class='ocrx_word' id='word_1_262' title='bbox 1299 4485 1340 4547; x_wconf 92' lang='lat' dir='ltr'><strong>de</strong></span> 
     </span>
    </p>

    <p class='ocr_par' dir='ltr' id='par_1_21' title="bbox 290 4575 1340 4662">
     <span class='ocr_line' id='line_1_36' title="bbox 290 4575 1340 4662; baseline 0.011 -23"><span class='ocrx_word' id='word_1_263' title='bbox 290 4575 382 4661; x_wconf 83' lang='lat' dir='ltr'>xxxj.</span> <span class='ocrx_word' id='word_1_264' title='bbox 406 4576 529 4656; x_wconf 88' lang='lat' dir='ltr'><strong>solidis,</strong></span> <span class='ocrx_word' id='word_1_265' title='bbox 552 4575 611 4662; x_wconf 90' lang='lat' dir='ltr'><strong>iiij.</strong></span> <span class='ocrx_word' id='word_1_266' title='bbox 635 4576 786 4656; x_wconf 89' lang='lat' dir='ltr'><strong>denariis,</strong></span> <span class='ocrx_word' id='word_1_267' title='bbox 811 4577 926 4644; x_wconf 88' lang='lat' dir='ltr'><strong>abbati</strong></span> <span class='ocrx_word' id='word_1_268' title='bbox 951 4579 1193 4650; x_wconf 79' lang='lat' dir='ltr'><strong>Albemarliae.¹</strong></span> <span class='ocrx_word' id='word_1_269' title='bbox 1248 4585 1340 4650; x_wconf 73' lang='lat' dir='ltr'><strong>Timo</strong></span> 
     </span>
    </p>
   </div>
   <div class='ocr_carea' id='block_1_3' title="bbox 291 4767 1338 4900">
    <p class='ocr_par' dir='ltr' id='par_1_22' title="bbox 291 4767 1338 4900">
     <span class='ocr_line' id='line_1_37' title="bbox 291 4767 1338 4900; baseline 0.008 -77"><span class='ocrx_word' id='word_1_270' title='bbox 291 4767 1338 4900; x_wconf 40' lang='lat' dir='ltr'><strong>“Lammhmuoprsuruuonmosmunetemordinsn&#39;s</strong></span> 
     </span>
    </p>
   </div>
   <div class='ocr_carea' id='block_1_4' title="bbox 0 0 1817 5890">
    <p class='ocr_par' dir='ltr' id='par_1_23' title="bbox 0 0 1817 5890">
     <span class='ocr_line' id='line_1_38' title="bbox 0 0 1817 5890; baseline 0 0"><span class='ocrx_word' id='word_1_271' title='bbox 0 0 1817 5890; x_wconf 95' lang='lat' dir='ltr'><strong> </strong></span> 
     </span>
    </p>
   </div>
  </div>
 </body>
</html>
