3610 5890
568 909 667 958 aueo
689 905 799 960 esses
821 909 975 969 oumrus
997 908 1159 960 naeuius
1339 891 1379 962 71

667 1544 1062 1624 ΑΡΡΕΝΒΙΧ.“

330 1899 386 1954 XI.
407 1899 450 1954 De
473 1898 625 1956 Benedicta
639 1918 720 1973 popu
737 1900 788 1964 12‚·
814 1899 848 1956 ele
870 1899 1005 1956 Olerneate
1020 1917 1100 1971 propo
1117 1902 1153 1966 6,·
1172 1901 1206 1956 cte
1220 1901 1384 1971 pestilentia

400 1984 543 2052 coarat,-
562 1984 595 2040 cte
619 1988 742 2042 innostro
760 1983 885 2040 mmcali
902 1988 927 2038 et
940 1983 1085 2053 saccum
1104 1989 1129 2039 et
1154 1984 1188 2040 de
1212 1985 1382 2040 hastiludiis

400 2068 433 2126 itt
450 2067 567 2138 duplic.

364 2183 450 2238 Anno
468 2183 588 2240 Domini
614 2183 695 2248 1342,
715 2183 789 2240 obiit
814 2183 994 2240 Benedictus
1021 2200 1098 2255 papa
1121 2183 1166 2249 12,
1195 2201 1269 2240 anno
1287 2183 1381 2256 penti·
1394 2191 1520 2245 Deethof

329 2269 432 2324 fluetus
451 2268 498 2324 sui
515 2269 544 2334 ¹7,
559 2265 612 2324 *de
624 2267 727 2324 ordine
740 2266 966 2334 (listereiensi‘;
980 2267 1016 2324 de
1035 2286 1093 2340 quo
1112 2268 1206 2323 fertur
1227 2267 1306 2338 quod
1323 2285 1381 2324 non
1394 2261 1516 2312 &recia

329 2352 387 2407 luit
411 2352 522 2423 justior
549 2369 584 2408 ec
609 2358 676 2424 poet
705 2351 844 2408 Sanctum
873 2351 1060 2424 Gregorium.
1097 2351 1165 2416 Hic,
1196 2369 1263 2408 eum
1293 2353 1381 2407 morti
1394 2327 1456 2444 ἢ·

329 2436 585 2507 appropinquaret,
605 2440 729 2508 rogatus
748 2441 793 2492 est
816 2454 869 2508 per
893 2435 1057 2491 cardinales
1075 2441 1110 2492 ut
1134 2435 1223 2491 alieni
1249 2435 1381 2506 ipsorum
1394 2401 1548 2526 Epeftssw‘

329 2521 526 2575 committeret
543 2519 626 2574 vices
651 2537 719 2574 suas
738 2519 775 2574 ud
798 2519 898 2591 ipsum
916 2519 952 2574 de
971 2518 1136 2576 commissis
1163 2519 1225 2575 suia
1251 2519 1381 2592 integra·
1393 2526 1459 2588 MS,

328 2603 397 2658 liter
414 2602 634 2659 absolvendum.
673 2601 786 2671 Quibus
810 2603 874 2674 ipse
899 2602 1066 2674 denegavit,
1086 2603 1196 2668 dicens,
1219 2593 1411 2660 “Gloriamf·
1427 2599 1481 2644 ¹⁰⁶·

330 2687 465 2742 “meam
482 2687 569 2743 alteri
592 2704 651 2742 non
675 2686 758 2752 dabo,
779 2686 831 2742 sed
857 2687 999 2742 submitto
1016 2705 1064 2742 me
1091 2687 1123 2742 in
1149 2687 1381 2754 misericordiam

329 2773 349 2798 “
368 2771 453 2826 Dei.”
490 2771 625 2843 Rogatus
644 2771 733 2825 etiam
751 2775 786 2826 ut
807 2770 953 2842 cogitaret
970 2770 1007 2826 de
1025 2771 1157 2842 cognatis
1176 2775 1207 2826 et
1230 2771 1381 2826 familiari·

327 2855 382 2910 bus
400 2855 472 2921 suis,
486 2861 517 2910 et
535 2855 579 2910 eie
592 2854 628 2909 de
641 2854 725 2909 bonis
738 2853 801 2910 suis
820 2854 996 2926 impertiret,
1009 2855 1170 2928 respondit,
1188 2856 1207 2882 ‘⁶
1218 2854 1379 2911 Monachus

329 2941 348 2966 ‘⁴
368 2957 443 3004 snm,
464 2943 495 2993 et
521 2937 597 2992 nihil
615 2937 708 2992 habeo
734 2938 897 3010 proprium.
935 2937 1003 2993 Non
1027 2937 1130 2994 tollam
1154 2938 1231 2993 bona
1248 2939 1380 2995 ecelesias

329 3025 348 3052 “
367 3029 397 3078 et
415 3022 489 3077 daho
507 3020 642 3093 cognatis
660 3019 765 3076 meis.’'
803 3021 939 3091 Rogatus
957 3038 1030 3092 ergo
1047 3027 1083 3077 nt
1099 3021 1266 3093 assignaret
1282 3023 1380 3077 locum

327 3107 379 3161 ubi
409 3105 530 3177 sepeliri
569 3105 699 3170 deberet,
736 3104 898 3176 respondit,
933 3105 1032 3160 “Non
1061 3105 1133 3160 licet
1162 3106 1237 3160 mihi
1267 3105 1379 3176 eligere

329 3195 349 3220 “
369 3190 560 3261 sepulturam,
581 3189 652 3260 quia
670 3189 831 3244 monachus
850 3187 947 3244 snm.''
986 3188 1023 3242 In
1034 3193 1149 3244 enum
1167 3188 1246 3244 enim
1264 3205 1380 3260 semper
1393 3197 1442 3248 Hie
1453 3197 1510 3249 love
1521 3201 1552 3249 of

327 3274 534 3328 monachatum
552 3291 637 3329 suum
663 3271 808 3328 dilexerat
832 3277 867 3326 ut
894 3289 1019 3341 semper,
1040 3272 1072 3327 in
1100 3289 1216 3326 camera
1233 3275 1264 3326 et
1288 3262 1531 3328 missaffiflmfflk·

329 3374 384 3412 sua
411 3356 535 3428 privata,
567 3356 713 3412 cucullam
738 3355 874 3428 superius
899 3355 1043 3411 indueret.
1094 3355 1169 3412 Cum
1199 3372 1270 3412 vero
1297 3329 1465 3412 extrahomL

327 3459 473 3498 cameram
498 3439 535 3496 ed
563 3446 753 3513 conspectum
783 3439 886 3512 populi
915 3440 960 3494 ire
991 3439 1112 3496 deberet
1141 3445 1172 3495 et
1200 3439 1380 3512 pontificalia

327 3543 453 3590 sumere,
485 3525 632 3596 deponens
669 3524 816 3580 cucullam
855 3529 886 3579 et
921 3523 1067 3591 osculans,
1101 3523 1239 3589 “Vale''
1269 3524 1376 3596 inquit,

328 3613 347 3638 ‘⁶
366 3609 552 3665 monache!”
588 3609 629 3664 Et
646 3625 799 3664 assumens
817 3607 1006 3681 pontificalia,
1026 3607 1110 3674 dixit,
1132 3607 1244 3663 “Bene
1261 3609 1378 3665 veneris

328 3695 348 3722 “
366 3693 482 3749 domine
521 3691 643 3764 papal'’
695 3692 824 3748 Rediens
862 3709 934 3748 vero
972 3710 1007 3748 ac
1042 3691 1224 3766 pontificalia
1259 3711 1376 3759 exuens,

328 3779 348 3806 ‘⁴
366 3775 472 3842 Vale,”
498 3776 604 3847 inquit,
627 3775 777 3847 “papst''
803 3781 834 3832 et
856 3775 1004 3831 “Accede
1024 3775 1211 3831 monachet”
1230 3777 1376 3832 cucullam

326 3879 488 3917 resumens.
526 3860 600 3916 Erat
618 3860 696 3914 enim
714 3859 900 3915 humillimus
919 3865 950 3916 et
967 3859 1102 3924 affabilis,
1116 3877 1150 3914 ac
1162 3877 1230 3915 eum
1242 3861 1376 3917 omuibus

326 3945 464 4000 bardans.
509 3943 594 3998 Unde
625 3943 734 3998 dicitur
762 3943 849 4014 quod,
881 3961 949 3999 eum
979 3945 1041 3999 fere
1070 3944 1209 4000 ultimum
1240 3943 1376 4016 spiritum

327 4030 496 4094 attraheret,
510 4027 710 4098 interrogatus
724 4027 750 4083 si
768 4027 881 4100 aliquid
898 4033 999 4098 posset
1016 4027 1201 4094 manducare,
1214 4030 1375 4100 respondit,

328 4115 347 4144 “
367 4114 453 4169 (terte
471 4131 539 4178 non,
559 4129 655 4182 neque
673 4117 784 4184 potare,
805 4111 841 4167 de
860 4129 919 4183 quc
936 4111 1033 4183 magis
1052 4111 1268 4168 diffamamur.”
1305 4113 1374 4179 Hie,

326 4199 415 4254 latius
434 4215 522 4270 qaam
542 4195 691 4251 Johuuues
714 4213 791 4267 papa
809 4196 853 4261 22,
874 4196 1067 4266 quaestionem
1085 4195 1121 4249 de
1148 4195 1246 4252 faciali
1263 4196 1376 4253 visione

326 4283 383 4338 Dei
401 4281 615 4337 determinavit.
653 4279 753 4334 Unum
770 4280 943 4335 haereticum
963 4279 1000 4334 de
1019 4278 1120 4335 ordine
1138 4281 1264 4338 fratrum
1281 4281 1376 4337 Mino·

325 4384 393 4422 rum
410 4365 546 4422 Venetiis
565 4365 742 4429 combussit;
763 4369 793 4420 et
811 4364 913 4419 obiens
930 4363 1084 4420 Arinionae
1102 4366 1274 4422 tumulatur.
1313 4366 1376 4434 Quo
1390 4376 1506 4427 Election
1518 4377 1550 4428 of

325 4451 473 4515 defuncto,
501 4449 637 4505 Clemens
667 4467 743 4520 papa
770 4449 797 4516 6,
824 4449 983 4504 monachus
1009 4447 1104 4520 niger,
1131 4450 1159 4504 ei
1188 4451 1374 4520 subrogatum.
1390 4443 1505 4494 clement

326 4535 384 4603 Qui
411 4535 518 4590 fratres
537 4551 605 4590 euos
624 4539 654 4590 et
671 4537 792 4604 nepotes
811 4551 844 4588 ae
862 4533 938 4588 filios
956 4531 1090 4606 proprios
1117 4533 1149 4588 in
1166 4533 1328 4588 cardinales
1347 4540 1378 4589 et
1389 4510 1437 4559 VI·

326 4619 479 4692 episcopos
509 4617 664 4688 promovit,
692 4618 723 4672 in
750 4621 864 4672 tantum
891 4623 934 4683 ut,
963 4617 1041 4672 intra
1066 4617 1163 4680 breve,
1192 4616 1285 4686 major
1308 4635 1376 4688 pars

495 4795 501 4828 ¹
519 4796 624 4848 Printed
634 4795 700 4846 tram
708 4795 752 4846 the
763 4795 874 4860 Egerton
885 4794 941 4845 MS.
976 4795 1023 4846 See
1035 4794 1122 4854 above,
1134 4809 1157 4856 p.
1170 4797 1209 4842 38.
