3610 5890
541 875 638 926 ruso
660 872 769 924 esses
791 875 944 935 sumnus
968 858 1129 926 bromus.
1312 865 1355 928 63

308 1179 388 1244 Cer.
412 1177 483 1242 XX.
510 1177 559 1244 De
589 1178 761 1248 obsidione
795 1178 999 1247 continuate
1031 1181 1125 1248 villos
1161 1181 1297 1247 dolosior
1328 1189 1357 1248 et

396 1279 587 1346 redditione
619 1281 795 1366 ejusdem
829 1289 859 1348 et
890 1282 930 1348 de
964 1281 1047 1348 otiis
1080 1281 1189 1368 postis,
1211 1289 1357 1370 ternpore

397 1383 495 1450 dietis
514 1381 711 1465 obsidionis,
737 1383 864 1452 ibidem
886 1391 917 1452 et
938 1383 982 1451 im
1004 1385 1203 1472 Aquitania
1225 1393 1255 1451 et
1277 1385 1357 1452 Βή-

396 1484 525 1552 toneie
539 1483 651 1571 foetis.

353 1641 437 1709 Toto
466 1641 599 1729 quidem
633 1642 695 1708 hoe
727 1647 884 1729 tempore,
916 1643 1102 1710 Edwardus
1134 1667 1194 1710 rex
1224 1645 1357 1732 Angliee
1368 1664 1438 1717 ΑΛ).
1453 1671 1523 1718 lese.

305 1744 391 1810 eirea
423 1743 627 1812 obsidionem
662 1744 798 1812 Calesiae
835 1745 1011 1812 residebat.
1074 1745 1206 1814 Habuit
1244 1745 1508 1916 eutenpggnigm

309 1850 406 1912 extra
438 1867 473 1912 se
503 1846 719 1932 pergrandem
751 1845 928 1912 mariscum
960 1867 996 1910 se
1027 1847 1224 1933 cingentem,
1246 1850 1295 1914 ita
1317 1871 1340 1912 u
1368 1898 1421 1940 uon
1432 1891 1513 1942 ofthe
1642 1890 1645 1898 ·

308 1949 351 2015 ed
373 1948 482 2030 locum
503 1947 562 2012 ubi
584 1969 659 2012 cum
689 1947 837 2012 exercitu
858 1946 1091 2033 hospitabatur
1114 1949 1224 2014 editus
1246 1949 1357 2017 nullus
1370 1956 1440 2036 siege
1448 1957 1478 2006 of

309 2049 374 2115 nisi
398 2048 539 2114 difficilis
562 2048 659 2116 valde
681 2048 873 2136 apparebat.
921 2049 968 2114 Et
998 2050 1114 2116 statim
1136 2050 1269 2137 Angliei
1295 2053 1358 2117 ihi·
1370 2021 1500 2140 {fflgdrs

310 2151 386 2216 dem
407 2151 593 2218 mansiones
616 2156 649 2216 et
665 2151 806 2217 aedifieia
827 2150 969 2237 plurima
984 2155 1248 2231 construxerunt,
1264 2155 1358 2239 quasi
1370 2170 1509 2220 eamppre

309 2253 424 2318 villum
448 2274 569 2318 novam
604 2252 825 2334 eedifioentes;
859 2274 931 2318 eam
954 2253 1174 2341 Anglieanam
1197 2253 1358 2323 Oalesiam
1369 2224 1516 2340 ffifflffh,

309 2355 555 2441 nuncupabant.
602 2355 648 2420 Et
678 2355 756 2422 eltis
787 2355 919 2420 fossatis
951 2356 993 2421 ab
1027 2357 1197 2442 adjacente
1219 2360 1357 2426 marisco
1370 2385 1515 2438 Heinvests

310 2478 414 2542 usque
447 2458 490 2522 ed
524 2457 605 2522 litus
636 2457 737 2522 meris
759 2459 844 2522 eirea
866 2457 983 2522 villam
1005 2458 1082 2524 hine
1105 2464 1140 2526 et
1162 2460 1240 2526 inde
1262 2461 1358 2530 saetis
1370 2451 1500 2504 thetown.

310 2559 541 2645 appositisque,
556 2560 810 2645 propugnaculis
825 2565 859 2626 et
873 2559 1004 2626 insidiis
1019 2561 1148 2626 aditum
1172 2575 1207 2628 et
1229 2565 1357 2632 exitum

309 2660 458 2726 hostibus
481 2661 666 2728 Edwardus
695 2662 765 2748 ipse
791 2684 851 2728 rex
873 2662 1007 2748 Angliee
1029 2663 1215 2751 denegavit.
1260 2667 1354 2734 Infir-

309 2783 443 2849 mosque
481 2769 516 2828 et
553 2784 650 2830 sanos
687 2763 796 2848 gentis
834 2785 911 2842 sure,
950 2769 1087 2850 propter
1123 2769 1357 2836 recreationem

309 2865 415 2930 solum
438 2865 550 2930 natale
579 2868 727 2951 repetere
758 2865 936 2950 cupientes,
960 2866 1174 2941 transfretare
1197 2871 1356 2954 permisit,

237 2957 241 2964 ’
309 2967 358 3032 ite
379 2967 619 3052 utaliquando
651 2986 763 3032 seeum
792 2967 853 3032 vix
884 2970 949 3030 500
972 2969 1098 3053 equites
1120 2978 1358 3040 remanserimt.

311 3069 381 3134 Nee
402 3069 508 3136 multo
538 3073 623 3155 post,
647 3068 802 3155 Philippa
832 3067 947 3155 regina
968 3069 1101 3156 Angliee
1131 3093 1234 3156 usque
1266 3073 1358 3139 (lele-
1372 3087 1460 3148 Quaen

310 3173 395 3236 siam
428 3169 664 3252 transfretavit,
697 3176 732 3237 et
769 3170 895 3236 ibidem
935 3192 1009 3236 eum
1047 3194 1123 3258 rege
1160 3175 1358 3242 morabatur.
1368 3154 1506 3282 jfflpffiss

313 3271 529 3340 Habitatores
561 3279 673 3340 sutem
696 3273 846 3340 Boloniee
879 3274 991 3340 eonati
1025 3279 1104 3340 sunt
1134 3275 1279 3342 obsessos
1301 3300 1360 3363 per
1372 3303 1509 3366 supplies*

311 3397 402 3440 mere
424 3374 465 3440 de
486 3375 683 3442 victualibus
707 3380 741 3442 et
765 3376 838 3442 aliis
860 3375 1052 3442 necessariis
1067 3398 1218 3444 recreare.
1259 3380 1359 3447 Unde
1372 3369 1519 3486 mm

310 3499 371 3544 rex
393 3477 575 3546 Edwardus
597 3484 731 3566 portum
754 3479 890 3546 Oalesiae
913 3479 998 3566 pelis
1020 3483 1056 3546 et
1078 3481 1152 3546 eliis
1174 3503 1358 3571 propugna
1371 3451 1437 3552 ebir
1448 3451 1517 3554 iiilu-

310 3581 392 3648 eulis
424 3580 530 3666 jussit
566 3582 613 3648 sio
649 3583 801 3668 transfigi
827 3588 867 3648 ut
899 3581 1042 3648 difficilis
1074 3584 1210 3650 navium
1248 3586 1359 3654 editus
1371 3569 1452 3632 ¹⁰⁸⁰*

310 3682 496 3750 haberetur.
542 3682 614 3750 Neo
643 3689 778 3770 propter
807 3684 869 3750 hoo
898 3688 1011 3750 temen
1041 3683 1251 3754 Bolonienses
1277 3691 1358 3757 omi-

311 3791 426 3851 serrmt
457 3784 549 3870 quin,
571 3787 673 3852 maris
705 3786 833 3854 fluxum
867 3786 969 3852 altius
1000 3789 1214 3856 tumesoentis
1244 3813 1359 3878 expse-

310 3891 429 3966 tantee,
460 3887 598 3954 obsessis
632 3909 690 3974 per
721 3887 863 3974 galiotae
896 3889 1077 3956 ueeessaria
1110 3892 1358 3962 ministrabant.

311 3990 402 4056 Tune
425 4009 485 4056 rex
507 3989 701 4071 Edwerdus,
718 4011 816 4078 super
839 3990 1004 4076 quendam
1034 3992 1149 4058 collem
1172 3996 1358 4063 sabulosum
1373 4011 1502 4065 Messores

311 4113 409 4176 quem
431 4113 521 4158 mare
555 4092 765 4172 eireumfluit,
787 4093 878 4159 omni
910 4093 964 4158 die
982 4093 1087 4178 juxta
1109 4102 1245 4183 portum
1268 4100 1358 4168 villae
1371 4087 1514 4210 {fiffil‘jn‘

309 4194 445 4260 insidias
479 4194 650 4262 ordinavit
672 4200 708 4261 et
729 4195 899 4262 maehinss
921 4201 962 4262 ut
983 4197 1122 4264 nerium
1145 4201 1275 4268 editum
1297 4204 1358 4268 im·
1371 4213 1473 4276 mosen

309 4295 469 4382 pedirent,
492 4311 530 4362 ao
553 4297 655 4364 etiem
670 4319 865 4384 magnarum
879 4297 1019 4364 navium
1035 4299 1170 4370 olessem
1185 4306 1359 4373 eonstitnit

308 4398 463 4484 pelagum
495 4399 672 4480 custodire,
694 4421 736 4466 ne
761 4400 886 4468 obsessi
908 4399 1038 4467 suffulti
1060 4405 1197 4492 navigio
1219 4409 1358 4492 respira-

308 4505 391 4566 rent
438 4500 495 4578 Et,
518 4502 596 4587 quis
629 4503 804 4572 eonstabat
834 4503 899 4570 sibi
930 4503 1046 4570 villam
1075 4507 1152 4572 telis
1175 4513 1211 4574 et
1232 4510 1480 4576 eeeterisnowmu

308 4603 410 4668 ermis
441 4602 567 4669 bellieis
601 4626 670 4672 esse
700 4605 874 4685 munitam,
898 4606 1069 4693 prohibuit
1091 4629 1151 4674 rex
1174 4609 1359 4678 Edwardus
1370 4591 1526 4711 ffifflm

311 4727 352 4772 ne
384 4705 437 4772 sui
470 4727 529 4791 per
562 4709 706 4774 assultus
739 4708 855 4776 vitlem
893 4709 1083 4795 aliqualiter
1120 4723 1359 4801 expugnarent,
1370 4723 1413 4857 {hyr
1417 4732 1511 4846 ffie
