3578 5874
518 888 658 939 rnonns
680 886 786 938 assis
809 886 927 938 rosus
949 883 1109 936 suenrus.
1267 869 1330 937 271

287 1081 352 1146 que
373 1060 410 1124 in
424 1061 491 1126 suis
505 1061 645 1148 propriis
659 1061 806 1148 personis
833 1063 1058 1146 comparerent
1073 1077 1180 1124 cerem
1196 1053 1334 1141 praefatc
1346 1066 1414 1118 Am.
1428 1069 1491 1116 reae

287 1163 420 1228 dominc
457 1165 638 1243 Franciscc‚
676 1164 825 1230 auditore
862 1161 1047 1249 specialiter
1086 1139 1436 1247 deputato,-et'¹³⁹⁹·

288 1271 413 1331 caetera.
459 1266 539 1331 Post
576 1288 716 1353 quarum
747 1265 881 1352 quidem
917 1264 1107 1330 litterarum
1144 1261 1334 1327 citationem
1347 1217 1446 1335 dim,

288 1367 436 1454 legitime
472 1369 682 1455 publicatam,
721 1391 759 1434 ec
803 1367 900 1434 dictis
943 1366 1077 1432 domino
1114 1364 1261 1430 Rcberto
1297 1351 1467 1469 wffiidd'ce

289 1469 422 1535 comino
437 1470 564 1536 rhome
576 1471 792 1558 personanter
813 1469 925 1536 cess
939 1469 983 1534 es
1004 1468 1128 1534 cusam
1144 1467 1335 1543 somam,
1347 1493 1444 1536 eme
1468 1453 1475 1479 ’

289 1571 446 1658 praefatus
468 1572 620 1638 dominus
635 1573 777 1638 Tlomes
800 1572 937 1650 Burton,
955 1569 1164 1636 considerans
1187 1567 1285 1654 quod,
1308 1564 1460 1632 sis-1⁶⁵⁶·

290 1675 416 1740 diutius
446 1675 483 1738 in
513 1674 701 1761 hujusmodi
732 1675 863 1763 placitis
893 1679 928 1740 ct
958 1672 1074 1760 litigiis
1105 1671 1335 1748 retardaretur,
1348 1644 1502 1776 3332&

290 1776 487 1842 monasterio
510 1781 623 1843 nostro
645 1777 855 1864 dispendium
881 1797 974 1864 posse
997 1775 1038 1842 dc
1061 1773 1148 1840 facili
1177 1771 1336 1861 generari,
1349 1777 1507 1858 expenserof

291 1878 402 1944 cedere
424 1878 592 1966 praeelegit
615 1901 714 1965 quam
736 1879 773 1944 in
795 1877 985 1964 hujusmodi
1006 1876 1138 1964 placitis
1160 1881 1195 1942 et
1226 1845 1482 1940 defen-humum·

290 1981 381 2046 sione
403 1981 541 2046 ulterius
567 1981 758 2048 monasterii
781 1983 831 2047 sui
854 1981 1074 2046 substantiam
1104 1979 1250 2044 inaniter
1271 1977 1336 2043 dis·

292 2083 405 2168 sipare.
451 2084 498 2148 Et
520 2105 597 2150 vcro
620 2084 727 2150 solum
743 2085 830 2150 inter
852 2084 922 2171 ejus
947 2081 1116 2150 benefecta
1136 2082 1337 2170 praecipunm

291 2191 471 2271 reputetur,
498 2187 588 2272 quod
609 2187 717 2252 noluit
743 2185 805 2252 sub
827 2187 888 2252 tali
920 2186 989 2252 litis
1011 2185 1189 2274 pendentis
1209 2205 1337 2250 mones-

292 2289 412 2353 terium
434 2309 532 2354 suum
553 2289 705 2375 expensis
727 2289 942 2356 incommodis
965 2289 1105 2354 ulterius
1119 2309 1335 2375 praegrevare,

292 2413 352 2458 nec
374 2393 581 2460 abbatiatum
603 2416 699 2460 suum
721 2400 835 2461 contra
857 2395 902 2460 sic
923 2395 1001 2461 ficte
1023 2399 1058 2460 ct
1079 2415 1147 2459 non
1176 2393 1338 2459 veraciter
1398 2416 1400 2420 ’

293 2500 524 2582 prosequentes
557 2495 737 2575 defendere,
772 2497 829 2562 scd
854 2497 980 2562 malens
1009 2499 1126 2582 sponte
1152 2496 1265 2561 cedere
1294 2495 1337 2560 ab

294 2597 398 2664 officio
435 2620 494 2664 suo
528 2621 626 2685 quam
659 2599 895 2665 monesterium
926 2620 1022 2664 suum
1058 2619 1118 2686 pro
1150 2597 1339 2684 hujusmodi

293 2699 415 2765 debitis
452 2722 595 2782 onerare,
630 2701 715 2768 sicut
751 2701 793 2766 de
830 2701 901 2788 ejus
937 2701 1080 2767 cessione
1115 2699 1152 2765 in
1188 2699 1338 2786 proximo

294 2801 422 2888 plenius
443 2801 615 2870 resvelabo.1

300 3091 412 3182 [Vll]
445 3093 495 3160 De
524 3093 697 3161 secutione
730 3101 848 3162 costra
874 3115 939 3180 pec
968 3091 1121 3160 homeres
1154 3093 1193 3160 de
1226 3093 1338 3160 Brose

385 3193 587 3262 commorer
620 3218 687 3282 pro
718 3202 800 3262 tuce
831 3194 871 3262 de
901 3195 1100 3281 Hopleclmo,
1133 3202 1164 3262 ct
1196 3196 1340 3282 reliques

385 3298 515 3364 aclibus
551 3297 687 3364 domme·
718 3297 849 3364 climac
881 3297 1031 3379 obbatie;
1068 3297 1141 3384 ejece
1171 3298 1339 3379 cassiam

386 3399 623 3486 compilatione
652 3399 820 3467 coruom
845 3421 909 3486 per
937 3400 1083 3468 eusdem
1112 3409 1189 3488 post
1226 3400 1338 3468 cessio-

386 3524 609 3584 mmmmm
638 3504 844 3588 pascuosae,
867 3503 1007 3570 otole'e'e.

342 3659 384 3724 In
405 3659 477 3748 ipso
499 3681 640 3747 nemque
669 3665 822 3749 tempore,
847 3663 987 3751 contigit
1017 3663 1105 3749 quod
1126 3661 1273 3730 homines
1299 3661 1487 3729 domem.

299 3759 580 3829 Brendisburtcna
613 3765 810 3830 servientem
832 3769 982 3830 nostrum
1013 3765 1053 3831 de
1081 3765 1268 3852 Hayholmo
1290 3742 1486 3860 ni-gffls

298 3865 402 3930 mium
435 3863 662 3944 molestabant,
688 3887 747 3954 pro
782 3888 820 3933 eo
854 3867 942 3954 quod
975 3867 1018 3932 ed
1050 3867 1196 3955 ipsorum
1226 3868 1497 3944 volun-bertonus

298 3971 403 4032 tatem
438 3973 553 4062 texam
589 3989 648 4055 pro
685 3989 822 4034 numero
862 3970 1046 4035 everiorum
1084 3975 1268 4038 nostrorum
1305 3943 1507 4076 inssffiss‘

334 4227 341 4259 ¹
358 4229 435 4282 Acer
461 4229 505 4280 the
526 4229 673 4280 conclusion
701 4229 731 4279 of
755 4230 800 4290 dre
878 4231 1000 4282 “Frater
1021 4233 1076 4284 lucc
1098 4234 1176 4286 ettam
1191 4235 1341 4302 supradicte,

300 4307 410 4372 chapter,
429 4308 472 4358 the
491 4308 624 4374 following
642 4323 742 4359 erasure
758 4324 799 4360 oc·
845 4314 860 4339 ‘⁴
877 4310 945 4362 idem
961 4313 1038 4362 abbae
1057 4312 1168 4366 Thomas
1187 4316 1342 4381 compererit

301 4401 359 4438 cure
369 4387 396 4436 in
407 4387 449 4438 the
459 4387 526 4438 MS:
846 4393 861 4418 “
877 4405 923 4454 pro
940 4405 1039 4442 camera
1058 4393 1155 4444 abbatis
1174 4395 1236 4444 duce
1254 4393 1341 4458 ciphos

302 4485 318 4512 ‘⁸
330 4479 373 4532 De
383 4484 487 4535 ceeeiom
498 4481 611 4544 αὸὀαὶίες
627 4483 726 4547 reliquie
737 4483 799 4534 ecti-
845 4471 862 4497 ‘⁴
877 4483 989 4520 mmo!
1008 4477 1034 4522 et
1052 4485 1130 4522 unum
1148 4480 1218 4524 nnttc
1237 4479 1341 4538 argento

334 4565 352 4591 ‘⁴
364 4561 505 4613 bamini
515 4562 612 4612 vm
622 4561 735 4620 αωαωῖ
747 4563 800 4629 ej„
845 4551 860 4577 ‘⁴
877 4549 970 4614 ligatos
978 4558 1003 4600 et
1014 4551 1153 4614 deauratos
1163 4552 1208 4618 xij.
1218 4551 1342 4603 coclearis

336 4643 352 4672 “
363 4659 478 4705 centone,
489 4650 513 4692 ct
521 4640 685 4707 compilatione
696 4641 801 4691 devoro·
846 4632 862 4656 “
878 4629 1018 4694 “genteff

336 4725 352 4750 ‘¹
363 4737 416 4770 rem
430 4721 554 4783 librorum,
564 4727 588 4771 el
598 4727 672 4772 morte
689 4719 801 4784 ejudem,

336 4805 352 4830 ‘⁸
364 4799 461 4853 etaliie.
