3578 5874
499 901 699 952 wrnnnnuus
722 903 828 952 nenas
850 903 1005 953 ocravns
1028 905 1189 954 uncinus
1300 895 1364 958 213

320 1072 407 1156 quod
430 1073 606 1158 praedictus
637 1075 738 1138 abbas
760 1075 957 1162 perquisivit
989 1081 1024 1140 ct
1046 1077 1271 1163 appropriavit
1300 1076 1521 1142 sibiA.D.1arc

318 1180 352 1239 et
367 1175 604 1240 successoribus
626 1176 693 1240 suis
708 1177 950 1264 imperpetuum
966 1179 1159 1264 praedictum
1183 1179 1365 1246 manerium
1375 1161 1467 1209 '¹³⁹⁶'

320 1297 393 1342 cum
415 1277 624 1363 pertinentiis
647 1285 721 1364 post
736 1284 899 1346 statutum
926 1280 966 1345 de
989 1281 1156 1368 religiosis,
1173 1281 1244 1346 sine
1266 1281 1364 1347 licen·

320 1378 369 1442 tia
390 1381 485 1466 regis,
511 1385 608 1466 prout
631 1403 689 1466 per
709 1381 957 1467 inquisitionem
988 1383 1180 1469 praedictam
1203 1404 1363 1469 suppone·

320 1479 424 1547 batur.
470 1481 516 1547 Et
530 1483 590 1548 hoc
612 1484 789 1568 petebatur
811 1505 870 1570 pro
894 1484 1026 1550 domino
1049 1506 1125 1571 rege
1147 1484 1235 1571 quod
1250 1485 1364 1571 'inqui-

319 1590 452 1648 reretur.
498 1583 543 1648 Et
565 1585 741 1671 praedictus
762 1585 864 1652 abbas
886 1587 985 1672 petiit
1011 1587 1172 1652 similiter.
1220 1585 1266 1651 Et
1291 1587 1363 1653 ideo
1376 1595 1525 1660 Inquisition

319 1691 518 1772 preceptum
549 1687 615 1752 fuit
644 1687 721 1752 inae
738 1689 821 1753 ‘fieri
853 1689 1110 1774 inquisitionem.
1158 1687 1258 1754 unos
1281 1710 1363 1774 pre
1376 1663 1487 1714 aaa

315 1775 448 1874 'ceptum
471 1787 536 1854 fuit
561 1789 746 1854 vicecomiti
770 1789 966 1855 Eboracensi
988 1791 1076 1876 quod
1103 1789 1216 1856 venire
1242 1789 1363 1856 faceret

319 1890 362 1954 ad
395 1892 598 1970 scaccarium,
631 1913 651 1955 a
682 1891 736 1956 die
759 1891 870 1957 Pascae
899 1893 936 1956 in
970 1915 1024 1958 xv.
1049 1892 1125 1968 dies,
1156 1913 1244 1958 anno
1277 1891 1364 1978 regis

320 1992 453 2057 Ricardi
475 1991 530 2077 xj,
544 1992 636 2077 xviij.
662 1997 730 2058 tam
756 1993 957 2059 milites-et
979 1994 1185 2059 caetera—ad
1209 2014 1364 2079 recogno·

318 2096 473 2160 scendum
496 2095 531 2158 in
546 2094 728 2182 praemissis.
767 2095 813 2160 Et
827 2095 913 2160 idem
937 2096 1006 2160 dies
1021 2096 1118 2160 datus
1140 2101 1191 2160 est
1205 2095 1363 2181 praedicto

319 2196 440 2262 abbati.
493 2197 546 2262 Ad
578 2219 675 2282 quem
698 2197 785 2262 diem
816 2197 937 2262 iterum
960 2197 1061 2262 abbas
1092 2197 1185 2262 venit
1216 2219 1274 2284 per
1297 2197 1362 2262 dic-

319 2304 390 2363 tum
415 2304 628 2364 attornatum.
673 2299 718 2364 Et
739 2300 916 2364 vicecomes
947 2299 1130 2366 retornavit
1152 2300 1253 2365 breve
1277 2300 1364 2385 quod

314 2401 420 2487 jurati
438 2401 581 2466 districti
604 2407 689 2466 sunt.
736 2401 834 2466 Unde
850 2402 1038 2467 exitus—et
1060 2407 1184 2468 caetera.
1232 2402 1277 2466 Et
1299 2401 1363 2488 ipsi

319 2526 385 2569 non
416 2509 586 2568 venerunt.
643 2503 722 2568 Ideo
754 2509 953 2590 praeceptum
984 2503 1029 2569 sit
1061 2503 1244 2569 vicecomiti
1275 2503 1363 2588 quod

318 2607 405 2692 ipsos
442 2604 654 2691 distringeret
690 2611 729 2670 ut
766 2606 882 2690 prius3
925 2607 1052 2672 ita-et
1090 2610 1272 2670 caetera-a
1310 2604 1363 2670 die

319 2706 435 2772 Sancti
458 2705 626 2772 Michaelis
648 2706 683 2771 in
706 2728 761 2772 xv.
788 2707 857 2772 dies
879 2709 933 2773 vel
955 2707 1098 2785 interim,
1122 2727 1230 2772 eoram
1252 2707 1363 2792 aliquo

318 2810 477 2875 baronum
516 2809 556 2874 de
593 2809 759 2887 scaccario
797 2810 825 2874 si
865 2811 957 2896 prius
1001 2809 1043 2874 ad
1088 2813 1198 2895 partes
1235 2814 1363 2874 nostras

318 2913 456 2978 veniret.
517 2911 563 2976 Et
595 2910 683 2976 idem
721 2910 791 2976 dies
824 2912 920 2976 datus
957 2915 1008 2976 est
1044 2910 1201 2996 praedicto
1238 2909 1361 2976 abbati.

320 3014 457 3080 Interim
493 3019 604 3078 autem
626 3013 767 3076 Thomas
801 3013 841 3077 de
864 3011 1070 3098 Pynchebek,
1105 3011 1253 3096 capitalis
1284 3010 1363 3076 baro
1376 3027 1430 3080 'rte
1442 3045 1517 3082 cause

319 3117 359 3182 de
393 3115 559 3194 scaccario,
582 3113 726 3200 praefixit
758 3113 845 3178 diem
878 3115 914 3178 in
940 3115 1030 3206 festo¹
1047 3113 1160 3178 Sancti
1183 3112 1362 3190 Laurentii,
1375 3093 1495 3213 ffifffss‘

318 3219 406 3305 apud
445 3217 697 3303 Kyngestonam
735 3213 855 3302 super¹
896 3215 1007 3294 Hullo,
1044 3213 1086 3278 ad
1131 3213 1362 3299 inquirendum
1375 3226 1509 3292 Kingcron-

319 3342 415 3407 super
451 3318 632 3406 praemissis.
700 3317 769 3383 Adi
784 3339 881 3404 quem
918 3315 1005 3382 diem
1042 3315 1144 3381 abbas
1181 3321 1292 3381 noster
1328 3294 1525 3381 etupon-Hun

313 3423 419 3508 jurati
441 3421 565 3509 pariter
586 3425 817 3486 convenerunt.
874 3418 949 3500 Sed,
973 3423 1051 3484 ante
1073 3441 1132 3485 sex
1154 3419 1223 3484 dies
1246 3440 1362 3504 praece-
1374 3445 1505 3496 Interven-

318 3525 440 3603 dentcs,
478 3519 760 3610 irrumpentibus2
795 3520 916 3587 Scottis
955 3543 1029 3586 cum
1063 3520 1174 3586 valido
1214 3510 1518 3586 exercitufifflwfthe

318 3629 351 3692 in
391 3627 555 3714 Angliam,
594 3625 746 3690 dominus
781 3623 945 3689 Henrieus
980 3623 1091 3708 Percy,
1125 3622 1362 3709 primogenitus
1374 3579 1518 3698 diffidis,

317 3729 447 3795 comitis
480 3727 737 3804 Nerthumbriee‚
770 3747 842 3791 eum
881 3723 1028 3792 eisdem³
1061 3725 1239 3812 confligens
1276 3727 1363 3810 apud
1373 3711 1450 3764 s·¹²⁷
1463 3711 1486 3764 ⁶·

319 3831 505 3904 Qterburne
520 3835 635 3916 captus
657 3835 715 3906 est,
732 3828 900 3896 nonnuliis
921 3827 1017 3892 ediis*
1030 3827 1147 3914 Anglis
1168 3828 1274 3914 captis
1289 3849 1362 3892 cum

318 3955 356 4000 eo
390 3938 425 3998 et
456 3932 640 3998 interfectis.
706 3929 802 4010 Quod
836 3929 1009 3995 audientes
1036 3928 1242 4014 justitiarii⁶
1275 3931 1363 4015 apud
1375 3945 1478 3998 Ascra

318 4035 502 4101 Eboracum
538 4034 580 4098 ad
617 4033 733 4098 assises
766 4031 954 4111 assidentes,
992 4030 1097 4096 dictes
1135 4032 1254 4097 assiam
1287 4052 1363 4096 con-
1376 4013 1495 4067 ‘kim

317 4137 501 4213 tinuarunt,
524 4135 662 4222 singulis
695 4132 919 4220 precipientes
951 4137 991 4197 ut
1012 4133 1054 4198 ad
1078 4133 1209 4220 propria
1241 4155 1362 4199 remea-

317 4245 400 4318 rent,
433 4260 530 4325 seque
562 4233 808 4324 praepararent⁰
835 4238 948 4298 contra
978 4234 1108 4300 Scottos
1139 4237 1176 4301 in
1207 4241 1363 4302 eventum

317 4341 533 4406 conflicturos.
581 4338 632 4404 Ob
665 4359 762 4423 quam
794 4357 931 4413 causam
958 4329 1065 4401 dictus
1096 4337 1245 4424 capitalis
1275 4336 1363 4413 baro,

352 4581 561 4646 ¹Kynpcaronam
583 4579 670 4645 cuper]
704 4576 819 4641 vandng
898 4573 995 4642 4ιιΙίιζς]
1015 4575 1128 4639 vandng
1139 4575 1165 4624 in
1175 4574 1206 4624 P.

320 4661 347 4710 in
360 4660 390 4710 P.
897 4654 1001 4705 ⁵Aiter
1004 4654 1141 4718 justitiarii
1151 4653 1230 4703 insert
1240 4660 1311 4715 tunc,
1321 4652 1351 4704 P.

351 4739 362 4772 ²
381 4738 585 4804 irrumpentibus]
604 4735 763 4796 irruentibus,
775 4735 804 4785 P.
898 4733 909 4766 ⁶
925 4750 996 4797 seqare
1012 4731 1196 4797 prepararent]
1215 4733 1246 4782 ud
1266 4747 1364 4798 prapa-

353 4819 364 4850 ³
381 4819 480 4884 cirdern]
500 4817 573 4869 dictis
585 4817 686 4876 Scottis
698 4816 726 4866 1'.
866 4813 972 4864 randum
985 4827 1020 4872 sc,
1032 4811 1061 4864 P.
