3614 5888
459 874 523 938 142
657 886 834 938 sonneras
856 885 966 937 neers
988 887 1118 938 snxros
1140 886 1302 938 numuue

290 1067 358 1120 nl).
374 1073 436 1121 rete
456 1060 502 1124 tri
525 1059 650 1126 licitam
673 1061 875 1127 oonfovebat
921 1021 1083 1147 Alioquin
1101 1060 1210 1148 ipsum
1239 1061 1409 1149 negotium
1433 1065 1501 1126 tam

289 1139 381 1188 '¹³⁶⁷’
456 1161 591 1230 oelerem
613 1163 857 1251 expeditionem
878 1184 947 1230 non
970 1162 1086 1230 fuisset
1108 1163 1306 1231 executum.l

456 1393 514 1460 VI.
537 1393 588 1460 De
610 1393 727 1460 avertis
748 1393 886 1461 eeclesiae
907 1393 1030 1463 Sancti
1044 1393 1220 1461 Joborrrrr'e
1233 1391 1501 1474 Beneuento

545 1496 586 1563 de
600 1497 834 1564 exoneratione
848 1505 940 1564 eertoe
954 1497 1002 1564 ed
1017 1497 1154 1564 ruriam
1168 1497 1209 1564 de
1223 1496 1451 1584 (interemtum
1474 1502 1504 1561 et

546 1599 587 1666 de
601 1599 803 1666 tantem
824 1606 855 1666 et
876 1600 1099 1688 reaoeepte'orre
1111 1599 1268 1686 praopioe
1282 1599 1322 1666 de
1336 1600 1492 1669 Soterem

289 1759 437 1811 Resolutton
502 1759 613 1846 Hujus
635 1761 747 1848 itaque
771 1761 901 1828 abbatis
923 1767 1079 1849 tempore,
1105 1761 1207 1829 ebbes
1229 1762 1298 1848 ipse
1328 1765 1363 1828 et
1393 1781 1504 1826 omnes

289 1827 411 1957 {yffi}
418 1891 448 1943 of
456 1863 513 1928 alii
538 1868 678 1930 rectores
705 1863 911 1930 ecelesiarum
928 1864 1143 1953 Estridingiae
1166 1865 1287 1950 quibus
1309 1885 1409 1930 onera
1429 1885 1506 1928 ave·

290 1959 436 2076 ‘cffifflf
456 1987 574 2030 narum
612 1966 755 2034 eoolesiae
796 1965 912 2034 Sancti
937 1966 1103 2034 «Iohannis
1133 1967 1304 2034 Beverleoi
1340 1965 1510 2032 solvende·

290 2091 421 2158 Beverley.
456 2089 530 2134 rum
559 2068 804 2148 incumbebant,
840 2070 1014 2136 unanimes
1048 2073 1255 2136 contractum
1287 2069 1444 2147 inierunt,
1471 2072 1512 2132 ut

456 2169 655 2236 solutionem
678 2193 857 2238 evenerum
880 2171 987 2237 eidem
1014 2171 1157 2238 eeclesiae
1186 2171 1416 2238 Beverleoensi
1443 2191 1512 2236 om-

457 2273 537 2338 nino
552 2279 747 2340 recusarent.
786 2272 996 2360 Quapropter
1016 2273 1174 2340 abbatem
1195 2278 1355 2353 nostrum,
1371 2273 1512 2360 priorem

458 2373 499 2440 de
515 2374 682 2453 Wettona,
698 2396 773 2440 oum
792 2372 890 2440 eliis⁸
912 2375 1011 2441 certis
1034 2375 1216 2442 rectoribus
1232 2376 1273 2442 de
1295 2374 1512 2442 demnatibus

457 2476 499 2542 de
514 2477 734 2544 Holdernesse
756 2481 792 2542 et
814 2477 856 2544 de
872 2477 1060 2564 Herthylle,
1083 2479 1119 2544 in
1141 2477 1265 2564 placito
1288 2483 1404 2544 eontra
1426 2499 1509 2565 prae-

457 2579 602 2666 positum
626 2585 661 2646 et
683 2579 853 2646 oenoniooe
876 2581 980 2667 ipsius
1003 2580 1147 2646 eoelesiae
1173 2579 1416 2646 Boverleeensis
1438 2601 1511 2666 pro·

290 2689 394 2741 Butdi·
457 2686 622 2747 curatores
644 2681 894 2749 constituerunt.
941 2682 1007 2748 Sed
1030 2687 1145 2748 temen
1168 2682 1322 2748 dominus
1349 2682 1511 2750 Ricardus

291 2759 432 2890 ffltby
457 2784 499 2850 de
523 2781 733 2863 Ravensere,³
764 2788 845 2850 tuno
871 2785 1066 2872 prepositus
1092 2783 1336 2851 Beverleoensis
1359 2789 1393 2850 et
1424 2785 1510 2872 regis

292 2889 439 2942 therhreats
456 2887 636 2968 familiaris,
671 2886 817 2952 censuris
851 2886 1077 2952 ecelesiasticis
1110 2887 1209 2974 regiis
1242 2887 1363 2954 litteris
1397 2887 1509 2954 crebre

291 2957 433 3084 ffimf
457 2989 645 3056 commixtis
667 3010 705 3054 eo
732 2989 847 3054 abbati
869 2993 983 3054 nostro
1010 2989 1153 3068 directis,
1180 2989 1227 3054 sio
1249 2989 1381 3056 abbatis
1403 2991 1507 3056 nostri

292 3089 424 3156 Revertey.
456 3092 604 3158 animum
627 3096 742 3158 contre
756 3091 897 3157 oliorum
920 3089 1135 3158 eonsensum4
1149 3089 1325 3158 inelinavit
1346 3097 1387 3158 ut
1408 3093 1509 3179 pleni·

456 3200 528 3260 tum
549 3195 686 3261 omnino
707 3194 902 3272 dimitteret,
926 3199 961 3262 et
983 3193 1132 3280 quolibet
1151 3215 1249 3274 enno,
1278 3215 1339 3282 pro
1361 3200 1509 3282 tempore

456 3298 537 3364 dieti
570 3297 696 3364 domini
731 3297 865 3364 Rionrdi
898 3295 938 3362 de
973 3296 1159 3362 Ravensere
1201 3297 1380 3384 pnepositi,
1420 3297 1506 3364 idem

456 3399 558 3466 abbae
579 3405 654 3466 octo
688 3398 790 3466 libres
812 3403 946 3466 tentum
983 3420 1042 3486 pro
1073 3397 1226 3464 omnibus
1248 3399 1363 3466 avenis
1385 3399 1506 3465 nostris

456 3502 656 3588 persolveret
681 3501 880 3582 annuatim
910 3501 1014 3568 etsie
1040 3522 1153 3567 omnes
1175 3501 1299 3568 residui
1321 3506 1463 3570 rectores
1485 3523 1506 3568 e

456 3604 623 3690 proposito
656 3603 757 3670 inviti
786 3602 989 3669 retrorsum⁵
1023 3603 1186 3686 abierunt,
1217 3626 1339 3670 evenes
1373 3610 1505 3672 exuetee

292 3708 404 3778 Ootvns·
456 3705 554 3774 diotae
576 3705 717 3772 eoelesiae
751 3703 1000 3774 Beverleoensi⁶
1034 3705 1151 3772 amodo
1176 3707 1406 3794 persolventes.
1451 3709 1506 3773 In·

291 3776 419 3924 ffim
456 3813 553 3886 terea,
583 3829 658 3874 eum
691 3807 845 3874 dominus
876 3807 1062 3876 Edwardus
1083 3808 1233 3896 priuoeps
1256 3807 1386 3876 Walliae
1419 3811 1505 3897 regis

290 3921 372 4038 opipce
405 3989 419 4040 s
456 3910 694 3997 primogenitus
716 3909 906 3975 Johanuem
941 3910 1141 3976 eomitissem
1173 3909 1304 3977 Genoiee
1335 3917 1371 3978 et
1401 3913 1504 3977 domi-

364 4005 404 4040 ΘΟ

416 4032 533 4107 tllnem
566 4013 606 4077 de
641 4010 875 4100 Cotynghem‚⁷
906 4017 1078 4099 eognatem
1107 4017 1220 4077 tamen
1243 4033 1345 4092 suam,
1369 4014 1505 4101 despon-

326 4055 415 4106 oiesvi

490 4245 498 4278 ¹
517 4245 573 4296 The
582 4245 653 4310 royai
661 4245 872 4310 exemplificetur
881 4245 959 4296 ofthe
1037 4245 1047 4275 ⁴
1063 4253 1150 4294 renuo
1167 4281 1173 4294 .
1192 4283 1198 4296 .
1216 4281 1224 4295 .
1240 4247 1393 4311 conemur]
1428 4253 1505 4297 vant-

457 4325 621 4390 prooeedinge
641 4323 726 4376 before
745 4323 860 4376 william
883 4323 958 4390 Skip-
1004 4323 1052 4389 ing
1059 4323 1087 4372 in
1099 4322 1130 4373 P.
1226 4343 1230 4349 ·

457 4405 526 4468 with,
550 4405 625 4456 dated
647 4409 662 4455 8
680 4404 751 4468 tuly,
767 4408 799 4454 85
816 4403 888 4454 Edv.
907 4403 957 4454 m.
1038 4403 1048 4436 ⁵
1065 4402 1209 4469 retrorsum]
1229 4401 1343 4470 wanting
1353 4403 1380 4454 iu
1391 4403 1421 4455 P.

459 4484 563 4551 [1361],
574 4486 596 4535 is
607 4481 958 4548 enteredinuechmrulary
1037 4481 1252 4550 ⁶Benerluearn]
1271 4483 1383 4548 mting
1393 4483 1420 4533 in
1431 4483 1462 4536 P.

457 4565 488 4615 ot
500 4565 545 4615 the
562 4571 713 4628 monastery,
731 4562 888 4614 modom
899 4561 957 4615 MS.
1036 4560 1048 4599 ⁷
1063 4563 1140 4614 Aster
1164 4562 1313 4629 Cocytique„
1333 4561 1419 4626 insert,
1435 4563 1505 4627 prius

456 4643 543 4704 atas.
556 4645 623 4694 831).
1003 4657 1109 4694 uxorem
1115 4641 1212 4693 comitis
1219 4641 1504 4707 sarisbirienrie,'poster

490 4721 587 4787 2ιιίίἰε]
606 4719 799 4788 vantinginP.
1004 4722 1099 4774 domiui
1110 4721 1379 4782 ThomaedeHolmd,
1391 4721 1421 4774 P.

490 4799 501 4831 ³
516 4799 547 4850 de
558 4800 710 4866 Baream]
728 4799 841 4866 wanting
850 4799 878 4850 in
889 4799 919 4852 P.
