3614 5888
441 891 506 952 162
641 899 817 950 concurris
840 899 948 948 Auens
972 899 1103 948 srxrus
1125 899 1288 950 unumne.

272 1085 418 1137 A.D.1356
439 1075 515 1131 toric
533 1089 621 1143 super
639 1072 762 1142 Anglos.
799 1071 887 1144 Oepti
913 1077 982 1127 sunt
1008 1089 1079 1142 ergo
1108 1071 1258 1128 Johunnes
1286 1089 1338 1127 rex
1356 1068 1491 1126 Francius

272 1159 362 1203 -1361
389 1203 391 1208 ,
440 1165 471 1215 et
488 1158 645 1228 Philippus
662 1156 742 1212 filius
761 1155 836 1226 ejus,
850 1171 948 1212 comes
966 1155 1116 1223 Pictavire,
1130 1158 1285 1228 episcopus
1305 1155 1491 1218 Sunonensis,

440 1241 562 1298 comites
589 1240 633 1306 10,
656 1240 780 1295 barones
808 1239 853 1305 20,
873 1239 1006 1296 homines
1035 1239 1072 1294 cd
1096 1257 1179 1296 urmu
1196 1240 1288 1306 2,000,
1309 1243 1339 1294 et
1357 1239 1410 1307 elii
1428 1238 1491 1292 500.

440 1325 551 1382 Mortui
578 1329 677 1380 entem
704 1325 824 1379 fuerimt
842 1339 877 1378 ox
895 1328 979 1394 perte
997 1323 1178 1380 Francorum
1202 1324 1358 1394 episcopus
1377 1321 1493 1377 Oebilo·

441 1409 549 1474 nensis,
569 1409 660 1464 duces
679 1408 705 1472 2,
720 1407 842 1462 comites
862 1413 893 1462 ct
909 1407 1033 1462 berones
1052 1407 1096 1472 18,
1110 1407 1243 1463 homines
1256 1406 1294 1462 od
1306 1423 1388 1462 erma
1398 1403 1492 1470 2,000,

441 1499 471 1548 et
489 1493 541 1547 elii
557 1492 620 1546 800.
659 1490 704 1544 De
721 1490 903 1561 praescriptis
922 1496 1021 1545 autem
1039 1491 1164 1562 captivis
1183 1497 1214 1545 et
1230 1490 1356 1546 mortuis
1374 1489 1495 1544 suerunt

441 1577 551 1632 milites
567 1573 823 1640 1,000‚vexiuaec
840 1591 968 1645 penones
986 1580 1144 1645 portantes.
1183 1574 1228 1629 De
1247 1574 1378 1630 exercitu
1395 1578 1494 1628 eutem

441 1660 535 1731 ipsius
553 1655 695 1730 principis
713 1658 803 1714 occisi
822 1657 942 1712 inerunt
959 1663 1075 1713 tentum
1093 1659 1128 1713 60
1146 1658 1298 1724 homines,
1324 1658 1402 1712 inter
1420 1673 1493 1727 qnos

441 1743 610 1799 thomines
628 1741 666 1797 od
683 1757 766 1797 crmo
782 1747 898 1798 tentum
916 1742 1036 1798 fuerrmt
1054 1743 1223 1814 computati.
1262 1743 1353 1798 Facto
1371 1746 1417 1796 est
1434 1740 1495 1795 vic·

442 1827 519 1883 toria
535 1827 601 1896 ipse
625 1826 658 1880 in
681 1825 849 1896 praevigilie
877 1827 970 1882 suncti
994 1825 1108 1881 Methei
1126 1826 1260 1898 apostoli,
1281 1841 1356 1882 enno
1375 1823 1495 1878 Domini

274 1917 389 1967 Bookos
443 1909 618 1982 supradicto.
665 1907 777 1963 Eodem
795 1925 869 1962 enno
888 1907 1037 1964 Johnnncs
1062 1907 1098 1963 de
1123 1909 1311 1973 Mandaville,
1331 1907 1417 1962 miles
1434 1905 1495 1960 An·

275 1985 368 2060 &0¹⁸
380 1984 409 2033 ⁰¹⁴
443 1994 549 2066 glicus,
569 1993 601 2046 in
618 1991 691 2048 ville
709 1991 810 2047 Sancti
827 1991 936 2047 Albani
960 1993 1109 2059 orirmdns,
1132 1999 1289 2064 postquam
1307 1993 1338 2046 in
1357 1993 1393 2047 36
1411 1990 1494 2045 annis

274 2050 425 2167 (ffiffia
443 2095 496 2150 per
507 2077 679 2132 universum
697 2075 760 2131 fere
778 2076 880 2130 orbem
896 2077 1114 2146 permansisset,
1134 2095 1188 2148 per
1205 2077 1372 2140 kaeium,
1392 2075 1495 2130 Arme·

275 2182 343 2232 ville.
443 2161 522 2216 niam
547 2161 689 2230 majorem
716 2164 747 2213 et
772 2159 926 2224 minorem,
955 2159 1150 2225 Thurtcriom,
1178 2159 1342 2224 Persidem,
1374 2159 1491 2222 liriem,

443 2245 592 2307 Arubium,
620 2241 764 2312 Figiptum
790 2244 973 2314 superiorem
1001 2251 1031 2299 et
1058 2245 1237 2311 inferiorem,
1267 2244 1392 2310 Libiem,
1428 2242 1494 2298 cal-

444 2329 538 2392 decm,
569 2323 748 2394 Ethiopinm,
781 2325 898 2380 Indiam
927 2328 1069 2398 majorem
1100 2335 1130 2383 et
1165 2329 1319 2392 minorem,
1352 2333 1383 2382 et
1419 2326 1494 2382 alies

443 2411 577 2466 diversus
594 2407 708 2464 insulae
726 2425 817 2480 prope
835 2409 953 2465 Indiam
971 2412 1147 2483 adjacentes,
1168 2412 1220 2468 ubi
1240 2411 1366 2470 diversae
1390 2415 1495 2481 gentes

444 2493 629 2549 diversorum
658 2491 770 2546 rituum
797 2498 828 2547 et
855 2493 1017 2550 formarum
1047 2500 1265 2560 conversantur,
1299 2494 1427 2566 scripsit,
1459 2493 1495 2548 de

444 2577 578 2634 omnibns
590 2575 776 2632 mirabilibus
789 2576 868 2632 orbis
888 2595 954 2648 qnae
972 2579 1004 2634 in
1021 2580 1086 2650 ipsu
1103 2579 1338 2652 peregrinacione
1356 2579 1392 2633 36
1410 2593 1495 2632 anno·

445 2679 513 2716 rum
531 2666 718 2731 cognoverat,
746 2659 885 2716 volumen
909 2679 1010 2729 unum,
1038 2669 1069 2720 et
1094 2665 1193 2736 ipsum
1216 2663 1334 2718 domino
1352 2659 1496 2718 Eduardo

277 2752 385 2816 victory
397 2752 424 2802 of
445 2745 511 2816 regi
529 2744 648 2814 Angiiae
666 2744 832 2801 destinavit.
870 2747 956 2800 Anno
973 2765 1044 2802 vero
1057 2752 1206 2819 sequente,
1219 2747 1316 2802 dictus
1334 2745 1497 2801 Edwardus

278 2818 421 2897 Nssessby
445 2830 581 2901 princepe
611 2827 727 2885 Wclliee
757 2845 810 2900 per
839 2834 951 2886 montes
979 2831 1225 2888 Runcevellenees
1253 2829 1428 2901 Hispaniam
1453 2829 1496 2882 in·

276 2885 416 3003 {ffevffie
444 2921 536 2980 treus,
565 2913 597 2966 in
623 2929 725 2982 campo
750 2929 842 2983 prope
867 2913 980 2970 Nocere
1008 2915 1118 2972 devicit
1135 2915 1299 2970 chricum
1317 2915 1496 2969 intrusorem

279 2991 412 3084 [1357].'
444 3013 603 3068 regnorum
631 2995 769 3051 Ouetellae
799 3003 829 3052 et
859 2997 1008 3069 Legionis,
1041 3001 1093 3070 qui
1123 3000 1188 3071 ipsu
1217 3015 1309 3069 regne
1335 3016 1353 3052 e
1379 2997 1496 3052 domino

444 3083 534 3138 Petro
552 3081 685 3152 ipsorum
702 3097 783 3151 rege,
811 3086 878 3152 post
899 3083 1009 3138 fectum
1034 3083 1206 3154 homagium
1229 3083 1399 3154 peripsum
1416 3082 1497 3136 Hen-

445 3167 549 3230 ricum‚
570 3164 731 3220 auferebat.
770 3164 856 3236 Ocpti
884 3171 982 3221 cutem
1010 3167 1131 3222 fuerunt
1148 3167 1179 3220 in
1197 3168 1261 3236 ipso
1279 3165 1357 3220 bello
1375 3166 1496 3220 comites

445 3256 476 3306 et
499 3255 652 3319 magnetes
672 3248 827 3318 Hispaniae
853 3249 920 3318 plus
947 3269 1036 3320 quem
1063 3251 1108 3316 40,
1138 3251 1292 3321 episcopus
1310 3249 1345 3304 de
1363 3249 1494 3314 Relicns,

446 3334 590 3404 magister
611 3332 711 3387 Sancti
740 3332 843 3387 Jucobi
870 3339 900 3388 et
924 3336 1067 3406 magister
1085 3333 1363 3405 Hospituiuriorum,
1391 3339 1422 3388 et
1446 3333 1498 3388 elii

446 3417 513 3488 plus
542 3433 630 3486 quem
655 3414 737 3479 2000
763 3421 951 3472 armatorum.
990 3417 1029 3473 Et
1055 3417 1144 3474 occisi
1171 3419 1291 3472 fuerunt
1316 3413 1442 3488 majores
1467 3421 1497 3472 et

446 3505 599 3570 magnetes
626 3503 656 3553 et
682 3497 734 3553 clii
759 3499 869 3569 plures,
890 3505 919 3556 et
945 3501 1012 3574 plus
1041 3521 1128 3576 quem
1157 3501 1239 3568 6,000
1257 3507 1445 3566 armatorum,
1466 3507 1496 3556 et

446 3583 599 3654 peritiores
625 3587 656 3637 et
680 3581 794 3653 pedites
821 3585 1060 3652 innumerabiles,
1092 3589 1157 3658 ipso
1182 3585 1314 3642 Henrico
1338 3586 1370 3640 in
1394 3587 1496 3656 fugem

447 3667 596 3737 propulso.
641 3667 680 3722 Et
710 3667 747 3721 de
777 3670 906 3725 exercitu
936 3671 1103 3741 Anglorum
1132 3677 1193 3725 tres
1218 3673 1334 3725 tuntum
1363 3667 1495 3724 homines

279 3763 420 3827 Plagaeof
447 3751 568 3806 fuerumt
584 3752 762 3824 interempti.
799 3752 885 3810 Anno
912 3753 1032 3810 Domini
1058 3755 1137 3820 1361,
1165 3759 1229 3810 erut
1253 3753 1381 3810 secunde
1408 3754 1496 3824 pesti-

281 3835 353 3882 1361.
447 3835 538 3892 lentie
555 3836 587 3892 iu
604 3837 723 3909 Anglie,
743 3855 809 3910 quae
827 3839 908 3898 dicte
925 3844 971 3896 cst
988 3839 1158 3910 pestilentie
1174 3855 1341 3911 puerorum.
