3614 5888
464 879 527 940 114
663 888 838 938 nosteros
860 887 969 937 ABBAS
990 886 1124 935 SEXTUS
1146 883 1308 934 linoltus

298 1077 366 1127 nn,
378 1083 441 1128 rese
462 1067 505 1130 de
527 1065 655 1150 Ryslay
676 1065 830 1130 abbatem
863 1065 982 1150 sponte
1014 1060 1058 1125 ab
1092 1059 1197 1126 officio
1221 1057 1363 1136 oessisse,
1386 1059 1422 1120 et
1455 1073 1513 1118 eos

296 1149 388 1197 mas.

298 1225 343 1288 ing
353 1223 443 1274 himto

464 1169 590 1233 dictum
624 1167 794 1232 dominum
824 1166 1007 1231 Robertnm
1038 1163 1079 1230 de
1111 1162 1297 1238 Beverlaco,
1328 1164 1507 1244 antequam

299 1291 413 1354 erophn
465 1269 529 1334 sibi
562 1271 604 1334 de
633 1270 743 1356 eliqua
775 1269 932 1334 citatione
962 1271 1077 1332 contra
1099 1266 1226 1331 dictum
1247 1263 1436 1328 Johannem
1465 1258 1507 1322 de

467 1372 594 1456 Ryslay
615 1371 705 1436 facta
735 1372 799 1436 sibi
829 1369 977 1434 innotuit
998 1369 1052 1434 vel
1081 1366 1296 1446 constabat,
1285 1389 1323 1430 111
1352 1364 1507 1429 abbatem

465 1475 668 1538 unanimiter
689 1473 842 1560 elegisse3
864 1471 1021 1537 obnixius
1035 1471 1162 1536 dictum
1185 1470 1358 1536 dominum
1380 1463 1507 1532 Willel-

465 1599 557 1642 mum
594 1583 768 1642 exorantes
799 1576 964 1662 quatinus,
999 1574 1248 1662 quibuscunque
1285 1572 1397 1636 litium
1434 1590 1508 1656 pro-

466 1679 689 1746 secutionibus
721 1700 780 1766 per
810 1679 918 1764 ipsum
948 1677 982 1742 in
1007 1677 1099 1744 curia
1121 1675 1270 1742 Romana
1299 1671 1508 1761 attemptatis

299 1357 356 1407 suit

297 3217 406 3284 sepum

297 3286 365 3336 tion
334 3289 411 3354 nsby

296 3351 348 3401 him
359 3353 400 3406 sor

466 1782 636 1848 subductis
657 1782 791 1868 penitus
821 1786 857 1846 et
889 1779 1026 1858 omissis,
1047 1779 1093 1844 ad
1120 1779 1358 1844 monasterium
1386 1777 1510 1861 absque

465 1907 565 1952 morae
587 1884 760 1972 dispendio
780 1883 888 1949 redire
910 1883 1110 1970 dignaretur,
1133 1883 1323 1969 pensionem
1344 1879 1409 1946 sibi
1430 1883 1513 1944 tem-

465 2009 544 2076 pore
581 1987 737 2053 sessionis
778 2007 847 2052 suae
883 2007 1068 2051 concessam
1105 1990 1266 2072 perpetuo
1302 1984 1404 2048 libere
1440 2003 1512 2068 per·

466 2095 628 2176 cepturus¹
685 2087 747 2154 Sin
783 2091 905 2166 autem,
941 2087 1079 2174 praefato
1116 2087 1250 2152 domino
1286 2085 1434 2152 Robertc
1470 2083 1512 2148 de

466 2191 642 2258 Beverlaco
673 2195 753 2256 tunc
784 2189 908 2270 abbati,
930 2194 1001 2255 tam
1030 2195 1146 2256 contra
1176 2190 1285 2278 ipsum
1307 2187 1510 2254 willelmum

466 2315 566 2380 quam
598 2293 681 2359 alios
711 2313 923 2378 quoscunque
953 2292 1158 2358 adversarios
1192 2315 1277 2370 suos,
1299 2313 1361 2380 pro
1382 2290 1510 2357 viribus

465 2397 710 2474 adhaerendum,
733 2400 804 2459 tam
826 2395 993 2460 laboribus
1023 2417 1123 2482 quam
1145 2395 1306 2482 expensis,
1328 2394 1436 2461 eidem
1458 2395 1508 2457 in-

465 2498 635 2566 timarunt
674 2497 897 2564 Concedentes
911 2498 1045 2585 insuper
1066 2498 1328 2586 procuratorium
1346 2496 1509 2584 quoddam

463 2601 561 2668 fratri
583 2600 733 2669 Johanni
763 2599 805 2666 de
827 2599 993 2666 Newtona
1023 2601 1191 2682 monacho,
1214 2599 1326 2688 bajulo
1347 2601 1508 2668 dictanun

464 2701 730 2782 litterarum,1ec
759 2702 832 2772 eliis
856 2702 1047 2792 jureperitis
1077 2704 1232 2770 incuria
1254 2704 1404 2770 Βοιιιιιι
1432 2703 1510 2768 resi·

464 2807 630 2888 dentibus,
669 2807 710 2872 de
754 2806 930 2872 tractando
966 2812 1001 2872 et
1041 2806 1264 2894 componendo
1299 2827 1375 2876 cum
1419 2805 1509 2872 dicto

464 2909 599 2978 domino
631 2907 799 2974 Willelmo
833 2929 930 2996 super
963 2908 1060 2976 dictae
1097 2909 1168 2976 litis
1205 2911 1440 2998 prosecutione,
1472 2928 1510 2972 ac

463 3011 620 3100 pensione
642 3015 678 3077 et
700 3009 857 3078 corrodiis
880 3011 987 3076 eidem
1010 3011 1143 3080 domino
1166 3010 1354 3094 Willelmo?
1376 3012 1420 3078 ad
1440 3016 1506 3076 ter·

463 3115 592 3182 minum
614 3113 696 3182 vicae
718 3135 796 3192 suae,
818 3113 1088 3202 qualitercunque
1120 3116 1279 3183 concessis
1309 3137 1369 3182 seu
1390 3135 1503 3180 conce·

464 3213 604 3284 dendis8
642 3215 833 3296 Quibuslit
818 3215 914 3282 tteris
935 3217 1088 3304 perlectis
1109 3239 1169 3306 per
1190 3219 1318 3286 dictum
1341 3217 1509 3284 dominum

463 3319 668 3388 Willelmum
705 3324 740 3386 et
777 3318 964 3400 intellectis,
1002 3319 1090 3388 idem
1128 3321 1282 3388 dominus
1316 3319 1508 3398 willelmus,

297 3422 427 3548 ffiffled
464 3421 634 3488 audiens
624 3443 661 3486 ιιι
690 3420 781 3486 curie
802 3421 973 3508 prefatam
1003 3421 1196 3491 electionem
1226 3423 1351 3501 domini
1374 3421 1512 3488 Roberti

296 3499 408 3668 Ξωιῶο
391 3569 445 3606 om
464 3524 506 3590 de
529 3523 705 3590 Beverlaoo
739 3522 872 3590 abbatis
906 3525 1097 3614 supradicti,
1125 3525 1203 3592 licet
1236 3525 1402 3592 communi
1435 3545 1510 3590 con·

464 3630 587 3692 ventus
609 3646 767 3692 consensu
798 3631 960 3713 ageretur,
982 3649 1120 3694 vacuam
1149 3629 1218 3694 fore
1247 3633 1282 3694 et
1308 3628 1509 3706 cassandam,

465 3749 503 3794 eo
525 3728 613 3815 qnod
642 3727 734 3794 nulla
767 3727 813 3794 sit
843 3729 935 3816 legit
925 3752 993 3796 rma
1015 3731 1140 3810 electio,
1162 3730 1266 3796 lite
1256 3753 1293 3802 ln
1322 3731 1414 3798 curia
1445 3729 1509 3796 Ro-

464 3853 564 3896 mana
596 3831 768 3917 pendente,
801 3831 991 3918 pensionem
1029 3834 1174 3920 quinque
1204 3855 1388 3903 marearum
1419 3833 1510 3920 prius

465 3933 528 4000 sibi
543 3955 728 4002 concessam
751 3934 885 4003 omnino
907 3936 1113 4022 contempsit,
1128 3941 1163 4002 et
1185 3937 1375 4022 pensionem
1389 3935 1508 4022 largio-

464 4058 533 4103 rem
557 4035 722 4114 affectcns,
746 4036 870 4104 dictam
899 4037 1092 4106 electionem
1114 4038 1239 4104 domini
1263 4035 1426 4116 Roberti*
1446 4037 1507 4102 lite

463 4137 638 4224 pendente,
660 4138 791 4202 irritem
822 4138 892 4204 fore
923 4144 959 4205 et
982 4140 1113 4204 inanem
1138 4141 1362 4227 proclamavit
1408 4139 1509 4205 Unde

462 4241 571 4305 dictus
594 4239 721 4305 frater⁶
742 4241 767 4304 J
769 4241 915 4307 ohannes
945 4246 1146 4328 procurator,
1169 4243 1213 4308 ad
1242 4243 1349 4328 majus
1378 4243 1511 4322 malum,

687 4445 798 4454 -----.—
812 4448 845 4454 ...-
853 4449 954 4456 .-—.-.
960 4449 969 4454 ι.
980 4449 991 4454 -
998 4449 1114 4456 -.-..-.-,

495 4571 604 4638 ¹tcjulc
620 4610 627 4624 .
644 4609 652 4624 .
669 4609 677 4624 .
694 4571 842 4639 litterarum]
861 4587 962 4627 monas·
1046 4575 1115 4628 ιιιιι
1126 4575 1294 4644 mesco]
1312 4575 1502 4644 ventinghl’.

462 4651 519 4700 terii
531 4652 619 4712 nostri,
630 4651 661 4702 P.
1046 4655 1262 4708 ⁴AfterRoterti
1276 4656 1470 4720 insertabbatis,
1479 4657 1510 4709 P.

461 4811 483 4859 P
494 4729 505 4762 ²
521 4729 615 4782 domim
634 4729 765 4798 Willclmo]
804 4733 916 4800 wanting
937 4733 963 4783 in
1047 4735 1057 4766 ⁶
1067 4735 1169 4800 frater]
1187 4734 1311 4798 dominus,
1320 4736 1351 4788 Ρ.
