3538 5860
502 871 568 936 :304
756 888 957 938 wimannus
980 885 1088 938 Annas
1112 889 1302 938 vrcmrmrs.

333 1062 401 1112 ΑΒ·
417 1067 487 1113 ¹⁴⁰6·
501 1059 590 1122 mino
605 1059 674 1146 regi
698 1065 855 1144 porrectae
870 1062 905 1126 et
915 1079 978 1144 per
994 1057 1101 1145 ipsum
1119 1057 1278 1137 admisere,
1294 1081 1332 1124 ac
1346 1059 1550 1125 reoordoruur

500 1182 707 1246 processuum
730 1160 993 1248 praescriptorum
1016 1161 1053 1224 in
1075 1159 1164 1226 dicto
1186 1162 1345 1227 scaccario
1367 1161 1453 1248 regis
1474 1161 1550 1227 inde

499 1261 698 1328 habitorum.
744 1263 809 1328 Sed
830 1261 1022 1328 cancellario
1037 1263 1194 1348 praedicto
1216 1285 1308 1328 suom
1330 1263 1373 1328 ad
1396 1265 1457 1330 hoc
1479 1287 1551 1330 con-

499 1364 684 1432 niventiam
721 1365 929 1451 aliquatenus
965 1364 1166 1444 retardante,
1203 1365 1282 1432 licet
1314 1371 1395 1432 nota
1431 1366 1551 1434 chnrtae

500 1467 616 1554 petitas
639 1466 728 1553 apud
751 1465 915 1552 quendam
941 1466 982 1532 de
1005 1465 1199 1534 cancellaria
1231 1468 1270 1532 in
1302 1467 1440 1533 formam
1474 1489 1550 1534 con·

332 1584 420 1635 tras.
499 1593 616 1658 gruem
647 1581 727 1636 tunc
748 1571 881 1636 redacta
903 1571 1087 1649 haberetur,
1111 1571 1203 1637 curia
1225 1593 1356 1658 quoqne
1377 1572 1421 1638 ad
1452 1572 1550 1638 finem

501 1673 635 1739 termini
669 1673 920 1760 propinquante,
952 1672 1042 1759 prior
1079 1673 1158 1761 ipse,
1193 1695 1235 1740 ex
1270 1695 1376 1740 oausae
1398 1695 1550 1762 proroga·

499 1777 590 1842 tione
614 1781 648 1840 et
674 1796 890 1860 expensarum
924 1775 1110 1861 profusione
1143 1775 1284 1840 nimium
1316 1775 1485 1863 fatigatus,
1507 1773 1549 1842 ad

332 1891 374 1942 He
388 1891 488 1944 obuius
500 1877 737 1944 monasterium
752 1876 937 1964 repedabat
977 1877 1023 1943 Et
1038 1878 1194 1944 continuo
1214 1878 1286 1965 ipso
1301 1878 1494 1945 cancellario
1507 1878 1548 1944 ab

331 1958 473 2076 {fflugh
499 1979 603 2047 officio
626 1987 708 2048 tunc
728 1985 847 2059 amoto,
870 1980 1023 2046 dominus
1045 1980 1187 2047 Thomas
1208 1981 1385 2047 Arundelle
1406 1981 1547 2048 Cantus·

331 2091 469 2172 aucupor
498 2083 615 2150 niensis
635 2082 895 2170 archiepiscopus
915 2083 952 2147 in
974 2081 1060 2148 idem
1085 2081 1229 2148 officium
1251 2081 1452 2150 cancellariae
1475 2083 1548 2148 sub·

331 2159 481 2286 fflfflf'l'
498 2191 641 2274 rogatur.
700 2184 766 2264 Qui
788 2185 921 2271 quidem
947 2183 1101 2262 dominus
1122 2185 1273 2264 Thomas,
1295 2185 1401 2252 dum¹
1424 2184 1548 2252 Ebora·

330 2291 464 2342 mechen-
498 2289 604 2354 censis
649 2287 910 2374 archiepiscopus
947 2287 1115 2366 extiterat,
1153 2289 1418 2375 consumptiones
1465 2287 1547 2355 infra

330 2357 413 2408 “¹¹⁰⁵
499 2390 701 2456 dominicum
724 2411 819 2455 suum
849 2390 890 2454 de
914 2390 1111 2456 Patrintona
1143 2390 1181 2456 in
1204 2389 1433 2470 Holderncsse,
1457 2389 1545 2477 apnd

501 2492 697 2578 Frysmersk
720 2497 755 2556 ct
778 2491 941 2558 Erkhows
963 2492 999 2556 in
1022 2491 1190 2558 territerio
1212 2492 1253 2557 de
1276 2491 1548 2580 Tharleethorpis,

498 2617 556 2680 per
578 2593 760 2660 alluviones
782 2615 878 2680 aquae
901 2593 1079 2661 Humhriae
1101 2593 1275 2680 aliquoties
1298 2593 1547 2680 experiebatur3

498 2718 536 2762 ac
559 2695 640 2761 alias
663 2699 737 2782 post
771 2696 909 2762 exilium
940 2695 1028 2783 apud
1051 2695 1305 2762 Rarenserodde
1337 2695 1374 2762 in
1405 2690 1546 2762 Holdsr·

498 2821 591 2865 nesse
623 2820 697 2864 cum
731 2799 802 2885 ipso
835 2798 967 2863 domino
999 2819 1083 2885 rege,
1112 2804 1193 2864 tunc
1226 2798 1308 2863 duce
1335 2797 1542 2872 Lancastrire,

331 2919 399 2970 nn.
414 2923 485 2972 14⁰7.
497 2923 602 2988 nuper
637 2901 813 2988 applicans,
837 2899 1103 2988 consumptiones
1135 2921 1173 2964 ac
1198 2898 1400 2966 vastationes
1433 2899 1548 2987 patriffi

497 3003 538 3068 de
570 3003 798 3080 Holdernesse,
828 3007 898 3068 tam
931 3023 989 3090 per
1025 3000 1260 3066 inundationes
1295 3007 1330 3067 et
1366 3000 1547 3068 alluvionee

498 3106 598 3170 maris
620 3127 719 3192 quam
749 3105 852 3191 ipsius
874 3125 969 3190 aquoe
993 3101 1176 3178 Humbrise,
1200 3101 1331 3168 oculata
1353 3101 1420 3168 fide
1452 3101 1547 3168 simul

498 3207 709 3295 perpendens,
732 3207 820 3273 dicto
843 3207 945 3294 priori
975 3210 1088 3271 nostre
1111 3227 1190 3292 erga
1221 3205 1329 3292 ipsum
1361 3227 1421 3293 pro
1453 3206 1546 3272 dictae

498 3311 619 3376 chartae
651 3309 883 3395 impetratione
917 3309 1076 3374 continuo
1107 3309 1317 3394 prosequenti
1351 3298 1481 3373 facilius
1514 3309 1546 3372 iu

498 3413 630 3498 negotio
668 3411 841 3476 annuebat.
903 3411 969 3476 Sed
1009 3409 1283 3497 supplicationem
1330 3431 1436 3497 nuper
1482 3409 1546 3495 regi

497 3513 618 3578 factam
652 3517 721 3576 tam
757 3513 798 3576 de
835 3513 1073 3598 arreragiorum
1116 3511 1350 3598 praedictorum
1387 3513 1547 3578 condona-

497 3616 587 3680 tione
615 3636 715 3700 quam
737 3614 860 3680 chartae
884 3615 1050 3699 predicte
1080 3613 1241 3700 petitione
1264 3615 1449 3694 advertens,
1474 3637 1545 3680 cau·

496 3739 567 3782 sam
598 3715 838 3803 arreragiornm
872 3715 1103 3802 praedictorum
1137 3714 1327 3802 expeditam
1363 3715 1421 3780 sed
1457 3713 1546 3782 char-

497 3827 566 3885 tam
606 3820 797 3906 praedictam
842 3818 1041 3884 retardatam
1077 3822 1138 3882 aut
1182 3839 1315 3904 prorsus
1352 3819 1544 3905 denegatam

497 3928 531 3985 et
564 3928 644 3986 tunc
680 3921 853 4007 repetitam
887 3919 987 3984 simul
1017 3919 1209 3986 mirabatur.
1266 3918 1333 3986 Sed
1366 3941 1441 3986 cum
1476 3921 1547 4006 qui·

497 4022 573 4085 dam
596 4022 660 4087 sibi
682 4023 924 4087 innotescerent
946 4020 1093 4086 chartam
1116 4021 1222 4106 ipsam
1237 4021 1428 4088 nullatenus
1448 4023 1545 4087 fuisse

496 4123 592 4190 nobis
619 4125 835 4211 denegatum,
869 4123 926 4188 sed
963 4123 1058 4188 nobis
1096 4123 1337 4208 quodammodo
1377 4124 1440 4190 sub
1478 4123 1544 4212 pol-

496 4227 677 4293 licitatione
711 4227 853 4312 quadam
883 4247 1065 4292 concessam
1100 4231 1133 4290 et
1172 4225 1206 4290 iu
1239 4225 1385 4292 debitam
1407 4227 1543 4294 formam

496 4331 712 4417 conscriptam
737 4329 848 4414 *prius
882 4333 916 4394 et
946 4332 1081 4415 propter
1113 4327 1209 4392 feoda
1241 4327 1409 4415 insperata
1445 4329 1544 4417 sigilli

496 4431 711 4499 retardatam'
727 4430 876 4495 extitisse
892 4429 1154 4516 pronuntiarent,
1171 4430 1276 4517 ipsius
1299 4429 1413 4518 scripti
1435 4431 1545 4496 subita

497 4535 636 4622 prolatio
684 4538 718 4599 et
767 4531 937 4598 scribentis
974 4531 1147 4597 attestatio
1193 4533 1423 4598 testimonium
1466 4533 1542 4596 inde

509 4687 627 4696 ro--n--u

782 4763 789 4794 ¹
808 4763 876 4829 rm]
896 4763 1001 4814 arares
1013 4769 1040 4812 to
1052 4763 1146 4812 sucum
1158 4763 1184 4811 in
1197 4763 1252 4812 us.
