3610 5890
562 882 658 932 nuso
681 883 791 932 mens
814 885 966 944 oursrus
988 888 1148 939 nnmuus.
1332 879 1371 942 21

330 1055 627 1145 appropriationem
643 1057 790 1143 praefatre
812 1060 953 1125 ecolesire
977 1061 1018 1126 de
1034 1059 1233 1148 Kayngham
1258 1063 1373 1126 arden·
1384 1075 1531 1130 A.D.1sao

329 1167 380 1224 ter
401 1159 631 1224 insisteremus.
678 1159 778 1226 Unde
808 1161 940 1227 domino
964 1163 1129 1228 Willelmo
1157 1164 1197 1228 de
1223 1149 1475 1242 Zowohe‚‘¹³⁴⁹·

331 1269 408 1329 tunc
442 1261 639 1327 Eboracensi
679 1263 927 1351 archiepiscope,
961 1265 1155 1351 petitionem
1185 1252 1373 1350 hujusmodi

329 1366 458 1449 qualem
496 1364 586 1451 prius
621 1365 661 1429 de
699 1366 834 1430 ecclesia
877 1366 917 1430 de
955 1367 1150 1455 Esyngtona
1187 1367 1372 1447 feceramus,

326 1467 485 1533 addentes
508 1466 609 1532 etiam
632 1469 728 1552 quod,
751 1468 787 1532 in
809 1470 1145 1556 recompensationem
1169 1472 1309 1536 manerii
1331 1472 1373 1538 de

328 1572 467 1657 Mytona
483 1575 517 1636 et
535 1563 625 1635 villae
648 1570 688 1634 de
704 1569 923 1657 'Kyngestona
946 1594 1041 1659 super
1057 1573 1170 1652 Hullo,
1185 1573 1372 1640 Edwardus
1449 1651 1455 1672 .

326 1696 386 1739 rex
401 1674 526 1762 primus
546 1673 649 1758 [post]
674 1679 898 1759 conquaestum
913 1675 1144 1741 advocationes
1167 1676 1372 1742 ecclesiarum

327 1777 367 1842 de
382 1777 577 1863 Esyngtona
599 1781 633 1840 et
649 1775 849 1862 Kayngham
871 1777 967 1842 nobis
989 1778 1138 1858 contulit,
1154 1780 1197 1843 ad
1220 1781 1372 1844 effectum

327 1879 489 1956 videlieet,
505 1883 544 1943 ut
560 1877 682 1943 enodem
704 1878 846 1944 ecclesiae
869 1879 965 1944 nobis
989 1886 1023 1945 et
1038 1881 1275 1947 successoribus
1298 1905 1373 1947 nos·

326 1982 388 2046 tris
410 1980 698 2068 appropriarentur
723 1986 758 2045 et
781 1981 965 2060 unirentur,
981 1982 1017 2046 in
1039 2003 1118 2047 usus
1141 1988 1270 2049 nostros
1299 2007 1372 2070 pro·

328 2085 416 2170 prios
439 2090 473 2149 et
504 2105 724 2150 successorum
758 2089 948 2148 nostrorum
977 2091 1135 2172 perpetuo
1158 2087 1370 2173 possidendae.

328 2187 373 2250 Et
404 2187 474 2271 jam
509 2185 632 2271 capella
666 2185 707 2250 de
742 2185 947 2251 Revenserre
981 2208 1002 2250 a
1039 2187 1129 2252 dicta
1163 2188 1296 2253 ecclesia
1330 2188 1371 2253 de

329 2289 530 2376 Esyngtona‚
568 2287 663 2352 nobis
694 2309 798 2374 nuper
835 2289 1053 2375 appropriata,
1101 2290 1294 2376 dependens,
1333 2312 1371 2356 ac

327 2391 430 2477 major
452 2411 528 2477 pars
550 2389 764 2455 edificiorum
786 2391 891 2456 totius
913 2391 1003 2456 villae
1026 2391 1066 2456 'de
1089 2393 1298 2470 Ravenserre
1315 2416 1372 2480 per

326 2493 560 2559 inundationes
591 2513 751 2578 aquenum
783 2493 882 2557 maris
917 2499 951 2558 et
974 2494 1148 2560 Humbrire
1178 2496 1252 2582 plus
1274 2495 1371 2560 solito

326 2597 592 2672 excrescentium,
606 2594 672 2658 fere
687 2594 818 2680 penitus
833 2601 914 2661 tunc
929 2596 1065 2660 fuerunt
1080 2619 1209 2663 eversae.
1234 2597 1372 2684 Propter

327 2701 414 2786 quod
437 2697 591 2764 nonnulli
613 2697 729 2763 incolae
755 2701 789 2762 et
819 2697 1024 2764 habitatores
1056 2699 1202 2784 ejusdem
1225 2700 1315 2766 villae
1337 2722 1371 2765 se

326 2805 367 2868 ad
389 2803 461 2868 loca
483 2801 549 2866 alie
574 2800 826 2880 transtulerunt,
854 2801 977 2866 dictam
1004 2800 1118 2866 villam
1148 2803 1371 2888 relinquentes

327 2902 568 2990 «quodammodo
591 2901 792 2981 desolatam
827 2901 877 2966 ita
907 2903 996 2988 quod
1026 2909 1214 2990 proventus
1238 2906 1371 2970 decimae

327 3015 361 3072 et
392 3006 583 3081 oblationes,
607 3026 680 3090 quae
712 3005 755 3068 cd
788 3004 911 3068 dictam
943 3005 1100 3092 capellam
1131 3013 1371 3072 consueverunt

327 3109 498 3196 pertinere,
522 3112 557 3172 et
579 3105 615 3170 in
646 3106 766 3192 quibus
790 3127 910 3193 magna
932 3130 1007 3193 pers
1029 3113 1249 3194 proventuum
1273 3110 1371 3175 dictae

329 3211 469 3276 ecclesiae
492 3209 531 3274 de
547 3209 744 3295 Esyngtona
759 3209 900 3274 existere
915 3210 1092 3288 consuevit,
1108 3215 1242 3296 propter
1259 3211 1371 3297 populi

329 3313 508 3378 carentiam
529 3311 708 3397 plurimum
731 3310 927 3376 defecerunt.
968 3312 1057 3391 Quas
1079 3313 1315 3398 propositiones
1337 3318 1372 3378 et
1447 3313 1449 3317 ’

328 3415 410 3480 alias
431 3414 699 3500 archiepiscopus,
712 3435 770 3499 per
792 3413 1040 3498 inquisitionem
1063 3414 1099 3476 in
1114 3415 1238 3500 capella
1259 3420 1401 3480 nostras.
1417 3429 1470 3474 103.

254 3591 258 3598 ,
328 3517 386 3583 in¹
403 3519 499 3582 bosco
513 3517 635 3582 factam
657 3537 716 3601 per
737 3517 828 3579 viros
851 3514 1081 3581 ecclesiasticos
1093 3513 1106 3552 2
1120 3518 1230 3582 aetatis
1252 3518 1537 3605 grand-dppropria·

327 3643 415 3698 aevae,
435 3620 567 3706 juratos
599 3623 633 3683 et
663 3618 875 3695 examinatos,
910 3618 958 3682 rei
991 3617 1191 3683 veritatem3
1211 3622 1372 3687 veraciter
1382 3597 1537 3728 {mm

326 3720 548 3812 comperiens4
571 3721 749 3798 continere,
772 3720 895 3784 dictam
918 3721 1083 3785 ecclesiam
1099 3723 1140 3787 de
1159 3722 1370 3810 Kayngham,
1383 3729 1487 3781 churen-

327 3849 400 3893 cum
423 3825 493 3892 suis
510 3824 651 3910 juribus
675 3823 885 3909 pertinentiis
908 3828 942 3888 et
969 3823 1177 3910 dependiciis‚
1199 3826 1370 3906 universis,

326 3931 427 4008 nobis,
452 3926 690 3992 successoribus
724 3925 848 3990 nostris
876 3949 913 3990 ac
947 3927 1146 3992 mona-sterio
1175 3933 1297 4008 nostro,
1320 3931 1371 3993 in-

327 4029 509 4117 corporavit
543 4051 600 4114 per
632 4028 807 4104 decretum,
831 4029 868 4090 in
900 4049 979 4092 usus
1009 4037 1139 4094 nostros
1164 4033 1312 4116 proprios
1335 4037 1369 4096 et

328 4153 544 4197 successorum
589 4135 778 4194 nostrorum
823 4135 982 4215 perpetuo
1020 4131 1257 4216 possidendam.
1314 4133 1370 4198 Ita

329 4235 424 4320 quod,
447 4234 581 4299 cedente
604 4232 658 4296 vel
689 4231 866 4296 decedente
896 4232 1035 4318 praefato
1059 4232 1192 4299 domino
1215 4235 1238 4300 J
1240 4237 1369 4301 ohanne

327 4339 368 4402 de
390 4334 565 4419 Botheby,·‘’
586 4339 711 4398 rectore
734 4333 875 4398 ecclesiae
898 4334 938 4397 de
963 4334 1162 4420 Kayngham
1185 4341 1368 4415 antedictae,

907 4444 1182 4454 -·-——-—-—-———-——--

359 4501 460 4549 lnostra
468 4497 507 4564 in]
517 4497 592 4559 de,P.
611 4497 687 4547 From
695 4497 745 4548 this
753 4497 823 4560 point
843 4495 845 4579 p
899 4497 909 4528 ³
929 4498 1067 4564 veritatem]
1088 4499 1224 4562 scriem,P.

327 4582 368 4630 the
379 4580 466 4630 textis
478 4578 583 4628 derived
600 4578 665 4626 from
682 4575 725 4626 the
742 4576 821 4641 Eger-
843 4586 846 4660 p
900 4575 910 4607 ⁴
929 4578 1088 4642 conperiens]
1102 4579 1215 4643 wanting
1226 4579 1250 4627 in
1263 4579 1292 4628 P.

328 4671 371 4718 ton
384 4660 441 4711 MS.
844 4712 846 4724 Ι
900 4655 1003 4706 rnna
1020 4657 1132 4720 Botlrcby
1150 4658 1226 4710 insert
1244 4665 1311 4723 tunc,
1331 4661 1368 4718 in·

357 4741 366 4772 ²
384 4740 461 4791 After
473 4739 645 4792 rcclesiustr'coa
653 4737 739 4802 insert,
745 4751 823 4788 saecu-
844 4753 847 4838 p
868 4737 973 4788 ter-lincd
984 4737 1012 4786 in
1024 4737 1051 4790 Ρ.

324 4819 472 4884 lareset‚P.
845 4843 848 4874 ι
