3610 5890
454 849 495 914 60
687 863 787 916 suco
810 861 917 912 ansas
940 865 1091 924 colurus
1114 863 1276 916 nncmus

285 1045 352 1096 A.D.
368 1049 439 1095 lace.
452 1035 537 1099 sium
556 1034 657 1120 jussit
680 1033 831 1099 ferociter
857 1034 1018 1113 decollari,
1044 1035 1264 1122 proditionem
1295 1035 1374 1121 ipsis
1397 1037 1503 1101 omni·

283 1125 440 1242 ffiffle‘rff
452 1136 513 1200 bus
528 1137 732 1222 imponendo¹
773 1135 818 1199 Et
841 1158 901 1202 nec
923 1137 1041 1201 horum
1058 1137 1218 1222 sanguine
1233 1137 1380 1215 satiatus,
1397 1137 1504 1224 primo

452 1239 540 1323 apud
572 1236 717 1302 Abbatis
752 1237 875 1301 Villam
909 1241 951 1301 10
986 1236 1137 1314 Gallicos,
1170 1237 1289 1302 deinde
1328 1237 1503 1304 Ambianis

453 1343 527 1417 300,
550 1343 585 1404 et
606 1339 816 1424 postmodum
838 1338 984 1404 Parisius
1008 1336 1116 1419 1,700,
1131 1360 1246 1426 capere
1268 1339 1347 1404 fecit
1370 1343 1404 1404 et
1427 1361 1504 1404 con·

283 1457 394 1506 nccare
451 1440 548 1505 tinuo
582 1440 747 1505 decollare.
794 1440 874 1505 Post
909 1441 997 1524 quod
1028 1441 1161 1520 bellum,
1186 1440 1223 1506 in
1249 1441 1368 1527 vigilia
1390 1439 1505 1506 Sancti

283 1537 392 1639 ssffi
453 1540 708 1608 Bartholomaei¹
733 1541 867 1619 factum,
890 1563 951 1606 rex
974 1541 1160 1606 Edwardus
1184 1563 1299 1606 versus
1322 1564 1412 1606 mare
1434 1542 1505 1606 An-

284 1655 414 1706 necoaac
452 1645 574 1732 glicum
596 1644 769 1722 rextraxit,
793 1643 918 1729 patrias
948 1643 1201 1729 circumquaque
1231 1643 1375 1730 spolians
1398 1647 1433 1708 et
1455 1644 1505 1707 in-

452 1746 601 1823 cendens,
639 1750 673 1810 et
719 1744 763 1809 ad
801 1744 974 1810 Boloniam
1013 1745 1161 1822 tendens,
1192 1744 1263 1829 ejus
1300 1743 1504 1822 suburbium,

452 1848 593 1935 galiotae
625 1852 660 1912 et
688 1847 770 1912 alias
802 1868 905 1912 naves
939 1847 1063 1911 ibidem
1095 1847 1250 1912 inventas
1272 1847 1507 1933 congregavit3

284 1965 442 2044 Hebcdcgea
456 1954 490 2014 et
514 1950 649 2014 veniens
676 1970 779 2033 usque
804 1947 974 2026 Calesiam,
1000 1951 1019 2014 9
1046 1947 1099 2012 die
1122 1953 1197 2034 post
1219 1948 1351 2027 bellum,
1375 1947 1505 2012 obsedit

285 2033 376 2086 ΟΜ·
452 2051 543 2116 illam
577 2056 613 2116 et
646 2051 683 2114 in
715 2049 896 2114 obsidendo
934 2071 1006 2115 eam
1044 2051 1203 2136 yemavit.
1260 2050 1504 2137 Anglicisero

452 2153 619 2218 vulnerati
642 2157 677 2216 et
699 2151 823 2216 morbis
853 2151 1041 2218 laborantes
1071 2151 1178 2216 redire
1200 2151 1235 2214 in
1262 2151 1414 2238 Angliam
1444 2174 1504 2238 pro

285 2269 326 2320 He
337 2269 435 2320 obtain
452 2255 552 2320 libitu
585 2254 835 2340 permittuntur.
881 2253 1048 2318 Victualis
1080 2253 1212 2338 quidem
1245 2259 1280 2318 et
1308 2253 1374 2316 alia
1396 2275 1505 2319 neces·

284 2335 434 2452 fflffi,
454 2357 540 2422 saria
562 2355 727 2420 Eduardo
750 2355 820 2441 regi
842 2353 1005 2441 *Anglia'
1030 2359 1064 2420 et
1080 2355 1238 2420 Flandria
1259 2354 1503 2422 ministrabant.

284 2469 350 2518 cers.
454 2457 531 2523 Non
563 2457 669 2521 multo
700 2461 783 2542 post,
808 2456 944 2521 comites
982 2456 1023 2522 de
1058 2455 1229 2542 Warwyk,
1263 2456 1431 2522 Arundele
1468 2462 1504 2522 et

286 2533 446 2652 diffido?
455 2558 593 2634 Suffolk,
616 2579 689 2622 cum
713 2558 789 2634 suis,
812 2557 855 2622 ad
879 2557 993 2622 villam
1025 2555 1067 2622 de
1090 2559 1256 2644 Tyrowan
1286 2557 1322 2620 in
1345 2557 1504 2623 Pikardia

286 2668 421 2748 mcksTe·
454 2665 533 2726 sunt
555 2659 726 2747 progressi,
746 2659 933 2744 episcopum
957 2658 1028 2743 ejus
1050 2659 1259 2744 fugaverunt,
1275 2658 1388 2724 villam
1411 2659 1503 2723 illam

285 2748 396 2787 romine.
455 2767 489 2826 et
510 2755 678 2825 nundinas
700 2760 822 2824 ibidem
848 2759 1041 2846 spoliarunt,
1064 2759 1272 2845 adjacentem
1295 2780 1374 2826 vero
1397 2760 1503 2845 regio·

452 2885 527 2928 nem
561 2883 619 2948 per
650 2865 693 2926 30
724 2862 838 2948 leugas
872 2861 1051 2948 spoliantes
1084 2860 1339 2926 combusserunt.
1386 2861 1504 2926 Archi-

453 2965 624 3030 diuconum
658 2963 720 3026 loci
753 2963 843 3028 illius
866 2968 900 3028 ot
923 2963 1081 3048 quosdam
1113 2963 1237 3026 milites
1268 2967 1303 3026 et
1325 2963 1504 3048 armigeros

453 3069 617 3152 ceperunt,
635 3064 877 3150 maximamque
899 3064 1014 3150 populi
1032 3062 1283 3130 multitudinem
1305 3064 1503 3130 occiderunt.

454 3304 533 3369 OaP.
558 3303 650 3368 XIX
698 3305 747 3368 Dc
770 3301 949 3367 invasione
968 3299 1087 3366 David
1108 3301 1197 3386 rossia
1218 3301 1338 3369 Scotioe
1362 3310 1392 3368 ct
1416 3303 1505 3371 Scol-

543 3412 658 3471 torum
679 3403 722 3469 iu
745 3403 915 3487 Amulium
938 3409 969 3468 ct
992 3402 1147 3488 captione
1168 3403 1315 3488 ejusdcm
1338 3404 1447 3490 rcyis;
1474 3413 1504 3471 ct

543 3505 583 3570 dc
600 3505 680 3570 bello
695 3504 890 3570 Dccclurc'oe
905 3511 934 3569 ct
950 3503 1184 3572 disco-mittum
1205 3505 1398 3572 Scottorum.

499 3653 631 3718 Interea
646 3651 755 3717 David
779 3651 819 3716 de
842 3651 963 3736 Bruyz,
994 3652 1102 3717 dictus
1136 3673 1195 3717 rex
1226 3653 1424 3732 Scottorum,
1447 3655 1505 3740 qui

334 3755 351 3804 ὅ
453 3778 474 3820 a
506 3755 588 3820 facie
623 3753 781 3819 Edwardi
818 3753 859 3818 de
896 3753 1036 3818 Balliolo
1067 3753 1232 3838 quondam
1266 3754 1352 3840 regis
1384 3754 1504 3822 Scotiae

453 3859 583 3945 fugerat
605 3857 641 3920 in
664 3856 846 3935 Franciam,
869 3855 1111 3920 confoederatus
1128 3855 1199 3941 jam
1222 3878 1298 3922 cum
1312 3879 1386 3944 rege
1403 3858 1505 3923 Fran·

454 3960 514 4026 cire
536 3981 685 4025 reversus
700 3963 750 4023 est
765 3959 801 4022 in
820 3957 964 4024 Scotiam
980 3981 987 4035 ;
1010 3962 1045 4021 et
1059 3957 1163 4022 sciens
1179 3957 1380 4024 Edwardum
1395 3981 1504 4044 regem

455 4061 586 4147 Angliae
610 4060 695 4124 circe
727 4058 929 4123 obsidionem
965 4056 1101 4122 Galesiae
1132 4064 1335 4145 occupatum,
1359 4059 1505 4146 aliosque

454 4167 624 4248 magnates
657 4182 732 4226 cum
766 4181 841 4246 rege
871 4165 904 4224 et
926 4159 962 4222 in
986 4157 1147 4224 Vasconis
1169 4165 1203 4224 et
1226 4161 1401 4226 Britannia
1434 4183 1505 4248 per-

455 4260 713 4341 hendinaturos,2
735 4267 933 4348 congregato
949 4261 1096 4326 exercitu
1121 4265 1250 4342 40,000‚
1266 4263 1362 4328 vovit
1383 4269 1419 4328 et
1433 4285 1506 4350 pro·

523 4402 702 4410 ...--———-
731 4401 940 4408 -——.---..—-
950 4399 1092 4406 —---.-——.
1102 4400 1155 4405 -.--

489 4464 601 4530 ῑυὶρὶἱία
632 4464 660 4514 S.
684 4461 870 4527 Bcrrlrulcmoei]
901 4461 958 4510 Tho
1035 4460 1292 4528 ²pcrlrendincturor]
1315 4463 1422 4515 Altered
1440 4464 1504 4516 from

455 4548 518 4595 23rd
530 4545 558 4594 cs
566 4544 677 4608 August,
688 4542 816 4606 evidently
828 4556 861 4590 an
878 4554 956 4600 error,
998 4538 1205 4604 pertnrdinanler
1216 4541 1241 4590 in
1254 4541 1310 4592 MS.

454 4624 496 4674 the
518 4623 596 4674 battle
617 4623 647 4672 cf
668 4622 760 4686 Crcssy
780 4619 875 4686 having
893 4620 956 4669 bean

454 4701 544 4766 fought
555 4717 588 4752 cn
599 4702 644 4753 tha
656 4702 717 4752 aon
728 4701 759 4751 ol
767 4699 809 4750 the
819 4697 916 4751 mouth.
