3614 5888
532 960 710 1011 aosmrus
731 934 841 1012 arms
864 963 994 1014 ssxrus
1016 963 1177 1015 oremus.
1313 953 1378 1016 133

330 1131 413 1198 bene
435 1137 695 1219 recognoverunt
710 1134 799 1221 quod
816 1135 880 1222 ipsi
895 1139 930 1200 et
945 1141 1161 1202 antecessores
1180 1136 1232 1201 sui
1246 1136 1381 1202 fuerunt
1390 1147 1457 1199 AJ).
1473 1155 1535 1201 raso

331 1235 440 1300 nativi
454 1235 557 1330 ipsius
579 1236 709 1302 abbatis
731 1240 766 1302 et
788 1237 979 1304 monasterii
1003 1238 1118 1317 nostri,
1141 1242 1176 1305 et
1198 1239 1285 1325 quod
1309 1239 1377 1325 ipse
1388 1219 1516 1359 ἔξω

331 1337 432 1402 abbas
454 1343 489 1403 et
512 1339 746 1404 monasterium
762 1345 912 1405 nostrum
927 1341 1034 1406 seisiti
1047 1341 1170 1406 fuimus
1186 1341 1226 1406 de
1247 1341 1377 1420 eisdem,
1389 1375 1454 1410 were
1465 1361 1508 1412 tte

330 1445 368 1504 ut
401 1439 594 1526 praedictum
629 1445 687 1506 est.
732 1441 798 1506 Sed
835 1463 932 1528 super
970 1443 1031 1508 hoc
1062 1465 1130 1508 non
1160 1444 1378 1509 intendebant
1389 1427 1486 1543 ffifl

330 1543 410 1628 quin
447 1542 625 1628 praediotus
655 1543 758 1608 abbas
789 1550 902 1609 noster
934 1545 980 1610 eis
1012 1546 1146 1612 deberet
1175 1547 1377 1634 respondere,

329 1644 491 1732 praeoipue
513 1665 587 1710 cunr
609 1666 678 1710 non
699 1644 865 1712 dediceret
895 1647 976 1732 quin
1005 1647 1083 1735 ipse,
1107 1648 1266 1735 praedicto
1289 1654 1377 1714 certo

328 1747 393 1828 die,
415 1745 594 1812 servientes
625 1769 709 1827 snos,
733 1747 778 1813 sic
801 1748 978 1814 conductos
1009 1755 1044 1815 ct
1073 1751 1110 1814 in
1132 1750 1277 1815 servitiis
1311 1751 1378 1816 suis

330 1849 516 1927 existentes
547 1871 578 1935 a¹
597 1849 766 1935 praedictis
799 1849 943 1915 servitiis
976 1850 1052 1929 suis,
1089 1857 1204 1916 contra
1240 1852 1378 1918 formam

330 1951 458 2032 statuti,
482 1952 753 2038 transgrediendo
783 1951 976 2040 auferebat3
1007 1958 1042 2018 et
1070 1955 1238 2040 petierunt
1264 1955 1377 2042 singil-

329 2052 424 2119 latim
446 2053 523 2119 inde
541 2053 713 2139 judicium,
735 2059 769 2120 et
792 2053 932 2139 quilibet
961 2077 1074 2120 eorum
1103 2060 1235 2124 centum
1258 2055 1378 2122 solidos

330 2157 372 2221 ad
396 2158 509 2222 damni
541 2157 815 2223 emendationem.
862 2156 950 2237 Quia
981 2178 1059 2246 ergo
1085 2157 1264 2223 videbatur
1294 2181 1377 2245 prae-
1390 2173 1445 2225 The
1457 2177 1519 2225 sens

330 2261 428 2326 dictis
460 2260 653 2345 justitiariis
691 2264 726 2324 et
768 2261 868 2326 curiae
906 2260 994 2347 quod
1033 2261 1181 2347 praefatis
1219 2260 1243 2326 J
1245 2262 1377 2340 ohanni,
1389 2242 1543 2294 ¹¹⁰”'⁸¹¹il⁰d·

331 2363 506 2444 Willelmo,
530 2361 663 2428 Thomae
686 2366 721 2428 et
744 2361 919 2439 Willelmo,
957 2363 1015 2449 qui
1045 2385 1080 2428 se
1110 2363 1305 2450 singillatim
1329 2386 1378 2429 re-

331 2469 557 2552 cognoverunt
579 2486 647 2530 esse
670 2465 803 2530 nativos
833 2465 938 2551 ipsius
968 2465 1100 2532 abbatis
1130 2470 1165 2531 et
1187 2467 1379 2532 monasterii

330 2568 445 2648 nostri,
465 2589 536 2662 'non
560 2567 695 2634 deberet
724 2568 916 2655 responderi
947 2569 984 2633 in
1013 2567 1076 2634 hac
1105 2573 1208 2656 parte,
1231 2570 1377 2636 conside-

330 2677 440 2738 ratum
462 2667 551 2736 fuit8
572 2671 662 2758 quod
695 2671 846 2756 praedicti
878 2670 988 2736 nativi
1019 2671 1103 2736 nihil
1134 2679 1287 2759 caperent
1321 2695 1379 2759 per

330 2775 427 2840 billas
461 2795 545 2854 suas,
568 2774 626 2840 sed
658 2778 767 2840 essent
792 2773 829 2838 in
859 2773 1083 2839 misericordia
1104 2774 1198 2861 regis,
1221 2780 1256 2841 et
1278 2775 1380 2841 abbas

331 2883 442 2942 noster
465 2877 530 2942 iret
552 2876 630 2941 inde
654 2875 796 2962 quietus,
818 2875 888 2942 sinc
904 2875 965 2942 die.
1011 2875 1172 2942 ³Prrefati
1195 2881 1306 2942 tamen
1323 2887 1490 2953 namppeu
1503 2892 1534 2941 of

331 2981 405 3060 tivi,
421 2978 613 3066 praedictam
628 2977 885 3064 recognitionem
904 2977 1065 3043 navitatis
1080 3001 1148 3044 sure
1164 2984 1198 3043 et
1216 2978 1380 3062 judicium
1392 2957 1435 3071 {1¹}ss
1446 2957 1511 3088 {ff}
1521 2965 1547 3008 ‘⁰

330 3083 408 3148 inde
430 3079 624 3147 redditum⁴
644 3101 731 3166 aegre
756 3079 921 3156 ferentes,³
943 3080 1050 3146 adhuc
1072 3101 1132 3166 per
1153 3082 1379 3167 praescriptum
1393 3089 1547 3168 agajnstthe

332 3183 510 3249 Ricardum
534 3181 747 3248 Oellerarium
777 3182 910 3247 domino
940 3182 1011 3268 regi
1041 3182 1270 3269 suggerebant,
1293 3155 1502 3270 quodfliififfn

332 3285 541 3372 praesoriptus
578 3283 764 3350 Willelmus
802 3285 842 3349 de
880 3284 1114 3370 Belkethorpia
1152 3289 1186 3349 et
1219 3286 1298 3350 socii
1329 3285 1501 3352 suiiustiees·

328 3387 506 3474 justitiarii
529 3390 645 3452 contra
668 3407 724 3450 eos
754 3385 918 3471 injustum
945 3385 1109 3470 judicium
1139 3387 1322 3453 reddebant
1343 3389 1380 3453 in

333 3493 394 3556 bac
416 3497 516 3578 parte.
564 3489 779 3575 Quapropter,
812 3488 964 3554 dominus
994 3511 1053 3554 rex
1080 3489 1275 3556 mandavit⁶
1297 3503 1511 3619 prae-ippum

1391 3585 1406 3619 0
1447 3587 1470 3621 le

1392 3653 1466 3687 cause
1478 3648 1504 3688 10

333 3595 402 3658 fato
429 3591 591 3657 Willelmo
614 3592 655 3656 de
679 3590 915 3676 Belkathorpia
938 3592 1096 3676 quatinus
1121 3598 1252 3658 tenores
1273 3615 1378 3658 recor-

334 3698 450 3762 dorum
465 3701 500 3760 et
514 3716 726 3782 processuum
747 3692 979 3780 praedictorum
995 3716 1104 3760 coram
1126 3716 1160 3760 se
1183 3695 1380 3774 habitorum,
1393 3705 1531 3771 Chnnoery.

332 3801 367 3864 in
389 3797 612 3865 cancellariam
628 3818 720 3862 suam
733 3795 746 3838 ⁷
761 3797 1003 3863 transmitteret
1023 3799 1266 3866 examinandos,
1314 3800 1380 3865 Sed
1393 3808 1533 3860 Protended

332 3903 368 3966 in
390 3902 453 3967 hoc
474 3900 607 3987 quidem
633 3899 715 3964 dicti
745 3899 854 3963 nativi
883 3919 953 3964 non
982 3901 1210 3985 praevalentes
1233 3924 1300 3967 non
1323 3901 1380 3966 ob
1392 3878 1547 4008 {Ysffil‘ssfffy

334 4005 499 4071 stantibus
521 4001 736 4088 inquisitione
766 4005 799 4066 et
829 4001 962 4066 recordo
985 4003 1192 4089 supradictis,
1216 4027 1275 4092 per
1296 4027 1379 4090 prae·
1393 4008 1516 4060 thosan.

334 4108 439 4173 titum
463 4106 638 4172 Ricardum
663 4104 877 4172 Cellerarium
904 4103 1031 4170 adhuc1
1054 4105 1207 4172 abbatem
1230 4113 1379 4173 nostrum

337 4306 673 4316 ffl.,-.-
679 4307 745 4312 ----
755 4307 785 4312 --.
792 4307 891 4314 ..ν-...-
904 4307 922 4312 -
933 4307 1000 4312 -----
1026 4307 1044 4312 ...
1054 4308 1067 4312 -,
1100 4307 1176 4314 ....--
1182 4309 1315 4315 .-...-......-
1343 4309 1380 4315 ...-

366 4429 374 4461 ¹
397 4427 539 4494 improviso]
570 4426 701 4491 inprovisi,
727 4425 755 4475 in
773 4426 835 4476 both
879 4431 967 4477 conta
977 4441 1028 4477 eos
1048 4425 1143 4477 reddito
1153 4427 1259 4477 nimium
1276 4429 1382 4479 contris·

335 4508 412 4560 MSS.
880 4506 934 4567 tati,
945 4505 975 4555 P.

368 4587 378 4619 ²
395 4587 531 4650 Alter-suit
540 4585 618 4636 insert
628 4600 673 4649 per
684 4584 788 4646 curiam,
798 4585 828 4634 P.
914 4583 924 4616 ⁶
942 4583 1079 4650 mandarit]
1099 4584 1229 4650 dirigebat,
1241 4587 1271 4635 P.

366 4667 377 4699 ³
394 4666 487 4716 Before
499 4665 605 4730 Praescti
614 4666 691 4714 insert
698 4665 797 4725 Postea,
808 4663 836 4718 P.
914 4662 925 4700 ⁷
945 4665 1022 4714 After
1039 4679 1108 4712 sitam
1131 4663 1213 4724 insert,
1234 4666 1279 4713 sub
1301 4663 1385 4729 sigillo

369 4748 378 4778 ⁴
396 4754 436 4796 et.
456 4785 461 4796 .
481 4745 632 4809 muldeina]
646 4743 758 4808 wanting
769 4741 794 4791 in
807 4743 836 4791 P.
882 4757 936 4802 sno,
956 4743 1073 4793 distincte
1095 4747 1120 4793 et
1142 4749 1233 4806 npcrte,
1251 4743 1303 4794 sinc
1323 4745 1385 4796 dila·

369 4827 379 4858 ὅ
398 4827 586 4889 Assmserrnler
596 4823 683 4886 insert,
696 4823 726 4872 dc
741 4821 838 4886 judicic
882 4821 959 4881 tione,
972 4822 1001 4872 1.
