3614 5888
442 855 504 920 120
639 869 815 918 nonnarus
837 869 944 920 anans
967 871 1097 922 snxrus
1119 871 1283 934 necinus,

271 1051 338 1100 M).
355 1056 416 1101 ¹³56
439 1049 599 1110 caverunt
622 1045 763 1131 insuper,
787 1047 1007 1134 approbantes
1035 1053 1070 1112 et
1103 1048 1335 1114 confirmantes
1367 1049 1486 1134 imper·
1619 1039 1622 1045 ’

270 1121 361 1168 '¹³⁶⁷‘
439 1151 585 1234 petuum,
618 1169 730 1212 omnes
768 1147 994 1214 ordinationes
1032 1171 1114 1234 quas
1151 1169 1256 1236 nuper
1290 1150 1487 1216 venerabilis

439 1254 533 1336 pater
556 1248 708 1317 dominus
732 1251 898 1316 Walterus
931 1251 974 1316 de
1004 1251 1104 1336 Gray,
1136 1250 1351 1318 Eboraeensis
1381 1253 1487 1320 arehi-

440 1352 617 1438 episcopus,
642 1351 775 1418 fecerat·
795 1353 885 1419 inter
909 1353 1064 1421 abbatem
1098 1359 1133 1418 et
1166 1359 1365 1420 conventum
1387 1355 1487 1422 Albe-

440 1454 573 1524 marliae.
589 1476 631 1520 ex
653 1477 722 1520 una
736 1461 840 1541 parte,
856 1459 891 1522 et
905 1455 1102 1543 magistrum
1117 1455 1284 1543 Rogernm
1300 1457 1486 1545 Marmy0n‚

440 1555 567 1622 dudum
604 1561 763 1623 rectorem
801 1557 944 1624 ecelesiae
982 1558 1023 1623 de
1055 1557 1259 1646 Esyngtona,
1294 1581 1337 1624 ex
1373 1559 1486 1638 altera,

439 1681 536 1746 super
558 1660 684 1748 capella
706 1660 747 1726 de
769 1660 924 1739 Bmstall,
940 1682 1067 1728 necnon
1090 1662 1131 1726 de
1152 1643 1287 1728 decimis
1308 1662 1488 1749 majoribus

439 1769 473 1830 et
495 1764 685 1842 minoribus,
708 1763 931 1830 oblationibus
953 1769 988 1830 et
1011 1764 1274 1846 obventionibus,
1297 1765 1338 1831 de
1361 1765 1486 1832 Skeffe-

438 1867 548 1954 lynge,
572 1865 728 1932 dominici
749 1865 790 1931 de
805 1865 1009 1952 Esyngtona‚
1024 1871 1060 1932 et
1082 1867 1206 1953 capella
1228 1867 1269 1933 de
1292 1867 1489 1947 Ravensere,

438 1973 537 2056 pro'ut
559 1969 596 2034 in
618 1967 715 2035 dietis
738 1967 1005 2036 ordinationibus
1027 1967 1180 2036 constat¹
1202 1968 1398 2037 manifeste⁸

441 2287 506 2353 ΙΙΙ.
529 2287 579 2353 De
601 2288 856 2374 emnamptiona
877 2285 991 2354 view
1014 2285 1054 2353 de
1068 2285 1255 2362 Runernare
1270 2286 1372 2368 0de
1393 2294 1423 2354 at
1445 2288 1486 2354 de

527 2395 653 2455 noenta
694 2387 786 2456 siren
830 2387 1103 2456 detentationem
1147 2396 1234 2456 tanco
1270 2389 1410 2456 sentam
1446 2391 1487 2456 ele

527 2492 733 2578 Esynptono.

236 2630 238 2634 .
268 2654 425 2720 raynguna
483 2657 560 2722 Hiis
582 2661 694 2723 autem
717 2655 843 2736 diebus,
866 2661 940 2722 tota
962 2657 1043 2722 villa
1065 2657 1107 2722 de
1130 2658 1317 2724 Ravensere
1339 2656 1424 2736 Odd,
1447 2659 1483 2724 iu

268 2733 369 2849 {el‘ffi
437 2759 592 2845 parochia
614 2757 712 2825 dietae
741 2759 883 2825 eeclesiae
906 2759 948 2824 de
963 2757 1168 2845 Esyngtona,
1184 2782 1226 2825 ex
1249 2759 1342 2845 eujus
1368 2759 1484 2826 ineolis

269 2838 388 2956 nestrui-
436 2867 471 2927 et
493 2854 735 2928 habitatoribus
756 2862 902 2926 maxima
923 2883 998 2948 pars
1020 2868 1241 2949 proventuum
1263 2863 1367 2949 ipsius
1385 2862 1483 2929 eecle-

267 2946 957 3063 ψ

267 3093 414 3262 ἔῗοέὼθ
434 3170 535 3235 batur
549 3091 576 3250 5⁶
608 3177 652 3250 et,
677 3191 716 3236 ea
738 3088 1082 3250 ommioneffieimae,
1104 3169 1238 3248 fruetus,
1268 3169 1419 3237 redditus
1449 3177 1494 3237 et'

434 3279 624 3358 proventus,
655 3272 752 3338 dictae
787 3269 929 3337 ecelesiae
963 3271 1003 3336 de
1033 3271 1239 3358 Esyngtona,
1262 3271 1304 3337 ad
1338 3272 1482 3338 valorem

436 3378 478 3438 50
500 3373 660 3440 librarum
675 3373 917 3461 sterlingorum,
934 3372 1072 3461 singulis
1093 3375 1199 3453 annis,
1213 3379 1293 3440 sunt
1315 3373 1482 3440 diminuti.

434 3477 489 3553 Et,
510 3499 586 3542 eum
607 3477 680 3562 ipsa
701 3476 783 3540 villa
804 3475 846 3542 ds
861 3475 1048 3541 Ravensers
1064 3475 1148 3554 Odd,
1163 3475 1200 3540 in
1222 3497 1288 3562 qua
1310 3475 1482 3556 dimidiam

434 3599 542 3643 aeram
564 3583 663 3645 terrae
684 3575 902 3644 aedifieatom⁷
925 3576 1135 3658 habebamus,
1157 3584 1257 3666 atque
1281 3579 1405 3668 capella
1434 3581 1483 3666 ip-

433 3679 501 3744 sius
522 3679 613 3746 villas
634 3679 678 3746 ad
700 3681 822 3746 dietam
845 3679 1012 3746 eeclesiam
1027 3680 1070 3746 de
1090 3679 1287 3768 Esyngtona
1303 3682 1480 3769 pertinens,

433 3782 635 3848 dirutionem
671 3787 867 3871 paterentur
903 3783 1016 3870 paucis
1065 3783 1162 3848 annis
1199 3783 1482 3872 praeeedentibus,⁸

433 3885 497 3972 ipsi
519 3886 638 3951 fluetus
660 3892 694 3951 et
716 3885 949 3952 inundationes
972 3885 1148 3951 maritimae
1170 3907 1261 3953 more
1282 3887 1380 3953 solito
1401 3909 1481 3974 qua·

432 3987 515 4054 libet
540 3988 708 4075 quindena
732 3993 957 4064 tumescentes,
973 3987 1060 4052 infra
1080 4009 1206 4054 annum
1229 3995 1308 4055 ente
1335 3989 1480 4056 destrue-

432 4089 558 4155 tionem
568 4089 671 4177 ipsins
680 4091 779 4172 villae,
796 4091 1042 4158 devorationem
1057 4089 1157 4157 dietae
1172 4090 1262 4157 villae
1277 4092 1479 4171 nuntiantes,

465 4392 472 4425 ¹
490 4394 598 4460 emutat]
618 4399 726 4456 munt,
736 4391 766 4443 P.
844 4443 847 4452 ,
1011 4390 1121 4456 ‘uapor'
1130 4391 1219 4458 maris]
1239 4391 1385 4454 maritimas,
1396 4393 1426 4444 P.

462 4472 841 4536 ²Anermanrsaa1aquod
855 4471 932 4521 abbas
1010 4468 1229 4538 θανιηιιΙὶιιΙνιιίιιν]
1258 4473 1433 4524 annullabatur
1450 4473 1479 4526 in

430 4561 455 4604 et
474 4561 611 4604 conventus
631 4550 797 4602 Albemarliae
813 4565 861 4600 nee
876 4564 932 4600 sue·
975 4553 1036 4603 both
1047 4553 1124 4605 MSS.

429 4646 540 4682 cessores
551 4631 599 4690 sui,
611 4632 707 4691 erased,
718 4630 748 4680 P.
1009 4631 1020 4669 ⁷
1037 4632 1197 4700 eapientem]
1217 4635 1330 4700 wanting
1341 4636 1368 4685 in
1381 4637 1410 4687 P.

461 4709 472 4741 ³
490 4711 564 4760 After
575 4708 638 4758 villo
650 4709 727 4760 insert
737 4717 762 4759 et
774 4709 885 4773 capella,
899 4710 927 4760 P.
1007 4711 1019 4742 ⁸
1031 4711 1238 4780 prevalentibus]
1287 4714 1476 4770 intervenienti·

461 4789 471 4820 ⁴
491 4787 562 4854 ord]
583 4787 692 4852 wanting
704 4788 730 4837 in
741 4788 770 4837 P.
974 4791 1027 4848 bus,
1040 4790 1068 4840 Ρ.
