3614 5888
505 881 708 932 veniemus
731 882 778 930 ne
800 881 1030 948 nemenowe,
1053 881 1166 934 seme.
1317 873 1356 934 81

312 1053 444 1138 quidem
466 1053 601 1133 villetae,
624 1055 747 1122 dictem
777 1055 1066 1144 praesentatienem
1088 1079 1148 1144 pro
1170 1059 1517 1143 parteeon-A.D.1sse

310 1157 411 1222 traire
432 1155 650 1244 disponentes,
674 1158 780 1227 altere
809 1159 862 1227 die
892 1159 1036 1245 praefixa,
1060 1159 1149 1246 apud
1176 1157 1360 1236 Hedonen,

309 1279 419 1324 eorem
450 1259 645 1345 justitiariis
683 1261 727 1328 ed
757 1261 819 1326 hoe
856 1261 1071 1332 constituti&
1108 1261 1358 1348 responderunt,

309 1363 398 1446 quod
419 1363 483 1449 ipsi
505 1363 706 1430 sufficienter
727 1369 969 1451 reperevenmt
995 1364 1122 1430 dietum
1144 1375 1280 1452 pontem
1302 1385 1361 1452 per
1486 1383 1488 1394 ¹

308 1468 430 1530 terrem
452 1470 486 1532 et
515 1489 574 1553 per
603 1467 750 1535 laborem
780 1489 877 1535 suum
906 1468 1103 1534 manualem.
1151 1467 1217 1532 Sed
1239 1489 1360 1534 essere·

308 1565 391 1633 bent
413 1569 608 1654 predictum
642 1574 777 1656 pontem
810 1570 945 1644 omnino
978 1591 1047 1636 esee
1081 1570 1292 1650 defectivum,
1322 1591 1360 1635 eo

1372 1145 1462 1191 435³.

308 1670 398 1753 quod
420 1671 571 1757 praedieti
604 1671 742 1746 abbates
773 1671 816 1739 de
846 1671 1040 1750 Thorntone
1069 1678 1104 1746 et
1136 1671 1264 1748 Melse²
1294 1693 1361 1738 non

307 1772 510 1840 invenerunt
535 1775 740 1842 maeremium
763 1774 807 1844 ed
839 1774 967 1850 dietum
998 1780 1134 1862 pontem
1165 1775 1361 1852 faciendum,

260 1905 262 1908 ·
308 1875 395 1940 sieut
427 1877 468 1945 de
496 1877 572 1963 jure
606 1877 712 1946 fecere
741 1877 891 1950 solebant
918 1882 952 1944 et
985 1879 1195 1952 tenebantur.
1251 1878 1297 1942 Et
1320 1879 1361 1943 de

308 1976 370 2043 hoe
391 1999 490 2065 super
511 1979 657 2066 petriam
679 2002 713 2054 se
742 1978 917 2068 ponebant.
964 1979 1065 2054 Unde
1096 1981 1196 2054 datus
1218 1985 1268 2044 eet
1291 1980 1360 2046 dies

308 2079 352 2144 ed
382 2081 523 2149 ulterius
555 2080 790 2168 placitandum.
845 2081 901 2148 Ad
940 2103 1037 2170 quem
1076 2082 1163 2151 diem
1197 2089 1361 2151 venerunt

309 2182 390 2248 dieti
412 2184 559 2262 abbates,
582 2190 617 2250 et
639 2185 817 2272 seperatim
847 2185 983 2256 allocuti
1014 2185 1157 2272 qualiter
1179 2207 1214 2252 se
1236 2185 1361 2253 vellent

308 2286 496 2371 acquietare
518 2287 560 2358 de
582 2287 767 2373 praemissis,
791 2287 970 2373 seperatim
995 2286 1247 2373 responderunt,
1272 2287 1361 2372 quod

309 2387 374 2473 ipsi
406 2411 474 2454 non
508 2388 710 2455 tenebantur
739 2389 890 2462 invenire
922 2390 1127 2464 maeremium
1150 2390 1193 2456 ed
1225 2395 1360 2476 pontem

309 2491 513 2576 predictum.
569 2491 685 2558 Abbas
715 2492 816 2564 etiem
848 2491 890 2557 de
920 2493 1115 2563 Thorntone
1137 2490 1249 2568 dixit³
1271 2491 1360 2578 quod

309 2593 379 2679 ipse
412 2593 531 2660 hebuit
565 2599 655 2660 uerte
687 2599 794 2667 terres
825 2599 861 2660 et
898 2598 1089 2662 tenemente
1126 2595 1163 2661 in
1201 2593 1282 2661 ville
1319 2595 1360 2664 de

310 2697 518 2784 Otn’nghem,
542 2719 601 2784 pro
624 2697 745 2784 quibus
763 2697 868 2767 faeere
891 2696 1067 2772 tenebatur
1089 2702 1124 2772 et
1145 2719 1295 2784 reperere
1318 2697 1361 2764 ed

309 2803 420 2868 custus
442 2822 517 2866 snos
540 2801 689 2888 proprios
712 2800 873 2868 decimam
895 2804 1025 2886 partem,
1039 2800 1228 2874 medietatis
1249 2801 1361 2886 pontis

310 2903 459 2988 praedieti
489 2925 603 2972 versus
625 2903 837 2982 occidentem,
875 2907 910 2968 et
942 2925 1010 2973 non
1041 2904 1135 2990 plue;
1172 2924 1246 2989 quae
1283 2925 1360 2990 pers

308 3005 506 3072 sufficienter
528 3007 636 3072 fueret
658 3011 817 3093 reparate
863 3005 911 3073 At
933 3005 1035 3076 abbae
1057 3010 1170 3076 noster
1192 3007 1233 3076 de
1256 3005 1361 3072 Melea

308 3107 430 3174 iterum
452 3107 563 3174 dixit³
586 3109 683 3196 quod,
713 3113 848 3196 propter
877 3113 983 3174 terres
1006 3112 1041 3172 et
1070 3109 1261 3172 tenemente
1285 3129 1359 3192 quae

308 3210 427 3276 habuit
449 3211 486 3276 in
515 3211 790 3298 Therlesthotpie,
813 3209 989 3278 tenebatur
1019 3210 1124 3287 faeere
1147 3214 1181 3274 et
1210 3230 1359 3295 reperere

308 3313 352 3378 ed
388 3317 502 3378 custus
531 3337 606 3381 suos
642 3314 791 3402 proprios
822 3317 975 3400 quartem
1012 3317 1140 3400 partem
1171 3310 1359 3384 medietatis

309 3415 422 3502 pontis
452 3416 603 3504 praedieti
633 3439 749 3483 versus
780 3416 950 3493 orientem,
985 3419 1019 3483 et
1052 3436 1121 3484 non
1153 3413 1228 3500 plue
1240 3438 1250 3492 3
1284 3435 1358 3500 quae

307 3518 441 3603 quidem
462 3541 539 3606 pers
560 3518 760 3586 sufficienter
788 3518 898 3586 fueret
928 3522 1118 3588 constructe
1140 3521 1175 3585 et
1196 3521 1358 3604 reparate.

309 3620 355 3686 Et
378 3621 419 3688 de
449 3621 512 3688 hoe
534 3627 672 3709 uterque
703 3644 817 3688 eorum
850 3643 948 3708 super
978 3621 1121 3708 petriam
1150 3642 1184 3689 se
1206 3619 1358 3707 ponebat.

309 3722 408 3790 Unde
425 3723 533 3810 jureti
554 3747 653 3813 snper
682 3725 766 3791 hoe*
788 3725 884 3792 electi
914 3747 973 3812 per
998 3729 1239 3793 mennonium
1261 3745 1358 3791 suum

308 3828 465 3893 dixenmt
498 3829 588 3915 quod
616 3827 770 3916 praedicti
800 3825 961 3906 abbates?
994 3826 1098 3894 ebbae
1131 3825 1285 3896 videlieet
1317 3825 1358 3890 de

307 3929 500 3997 Thorntene
521 3931 682 3997 desimam
705 3935 834 4018 pentem
859 3930 1049 3998 medietetis
1071 3929 1184 4016 pontis
1206 3928 1358 4015 praedieti

308 4055 422 4099 venene
443 4033 655 4112 occidentem,
678 4037 713 4098 et
735 4031 837 4098 ebbes
866 4036 979 4098 noster
1009 4032 1050 4097 de
1077 4030 1183 4102 Melea
1204 4036 1357 4116 questam

307 4139 436 4223 pentem
472 4136 661 4203 medietatis
698 4136 809 4224 pontis
846 4133 1000 4222 praedieti
1036 4153 1151 4203 versus
1188 4134 1358 4211 orientem,

306 4243 450 4318 tentum,
465 4239 612 4306 eustibus
633 4238 701 4306 sede
723 4237 866 4326 propriis
888 4237 925 4302 in
948 4236 1110 4314 omnibus,
1125 4241 1160 4303 et
1182 4259 1250 4304 non
1273 4237 1356 4324 plus,

307 4343 413 4409 faeere
434 4343 641 4424 debuerunt3
664 4348 699 4409 et
712 4341 841 4408 villetn
857 4340 1044 4427 edjeeentes
1058 4341 1224 4408 residuum
1248 4341 1358 4428 pontis

1239 4533 1352 4540 .-..-—--

342 4648 679 4712 ¹Anerconeitueeineert,
689 4647 809 4714 pei-ipsos
890 4645 996 4712 ὃιίἰιίι]
1016 4645 1149 4706 asserebat,
1160 4643 1191 4695 P.

305 4728 454 4791 §nuenarius
465 4729 589 4791 ellocutae,
599 4729 632 4780 P.
891 4724 975 4791 ⁴toe]
995 4725 1089 4790 pleeito
1100 4723 1229 4788 predicto,
1239 4723 1269 4774 P.

225 4851 231 4864 .
340 4807 395 4858 ’ἀι
412 4843 419 4860 .
437 4845 445 4859 .
462 4805 561 4875 Melea]
575 4807 688 4872 wanting
697 4806 726 4858 in
736 4807 766 4858 P.
891 4803 1034 4870 ‘ettata]
1053 4803 1130 4854 ebbae
1141 4803 1169 4854 in
1180 4803 1209 4855 n.

394 4903 469 4955 VOL.
493 4905 544 4956 111.
1205 4901 1227 4948 1¹
