3538 5860
470 791 535 854 298
713 801 916 852 mauranus
938 795 1047 850 asses
1068 799 1260 851 morsurus.

299 987 370 1038 aa).
384 972 543 1038 reocaliis
573 972 727 1038 subsidiis
756 993 817 1038 noe
849 971 1065 1059 gloriaremur
1095 973 1277 1060 acquisisse
1323 972 1515 1040 Oollectorcs

300 1064 545 1192 fflyfllvwergo
578 1076 724 1164 ipsarum
758 1077 897 1190 duarum
930 1075 1139 1155 decimarum,
1171 1097 1230 1164 per
1260 1075 1368 1140 minas
1400 1076 1514 1163 plures,

301 1196 389 1262 hythe
468 1181 696 1267 suspensiones
718 1183 753 1246 et
775 1178 953 1244 interdicta
982 1178 1189 1244 ecclesiarum
1215 1185 1402 1244 nostrarum
1424 1199 1517 1266 parc·

300 1277 426 1390 affl·
469 1282 634 1362 chialium,
669 1287 704 1348 et
741 1284 912 1367 sequestra
948 1279 1118 1346 fructuum
1150 1281 1336 1356 eorundem,
1370 1283 1414 1346 ad
1445 1303 1517 1347 con·

301 1396 406 1459 already
469 1390 598 1450 suetam
642 1384 839 1450 solutionem
880 1383 1081 1448 decimarum
1126 1407 1185 1470 pro
1222 1383 1450 1471 spiritualibus
1485 1388 1517 1448 et

301 1463 428 1582 iffi*
469 1485 704 1573 temporalibus
724 1485 917 1572 praenotatis
933 1487 1145 1572 consumptis,
1161 1487 1246 1552 sicut
1260 1509 1320 1573 pro
1341 1487 1416 1552 aliis
1430 1491 1518 1552 tene.

300 1605 413 1658 Therull
468 1589 591 1654 mentis
627 1587 750 1652 nostris
788 1587 987 1652 monasterio
1018 1593 1133 1654 nostro
1170 1590 1426 1667 remanentibus,
1459 1609 1516 1653 nos

301 1679 436 1792 {ffffl
470 1689 698 1776 multipliciter
720 1689 981 1775 praegravabunt.
1028 1689 1099 1755 Nos
1126 1690 1240 1777 igitur,
1264 1711 1337 1756 cum
1360 1691 1397 1756 in
1420 1690 1517 1756 variis

302 1805 451 1858 forelevied
471 1792 607 1858 summis
629 1813 667 1856 ec
689 1792 855 1878 promissis
877 1791 975 1856 dictis
990 1793 1216 1858 collectoribus
1238 1794 1457 1881 obligaremur
1478 1789 1538 1857 ad'

301 1875 440 1997 Bffilssssom
470 1893 709 1962 conservandos
732 1893 865 1959 eosdem
886 1891 1073 1958 collectores
1100 1895 1271 1960 indemnes
1304 1917 1402 1982 super
1433 1917 1517 1961 com-

301 2006 445 2058 musondo
469 1999 557 2085 potis
579 1997 655 2074 suis,
681 1997 722 2061 de
753 1995 890 2060 summis
922 1995 1121 2061 decimarum
1154 1998 1424 2063 concernentibus
1446 2019 1516 2064 con-

302 2074 451 2205 algeas&-
468 2101 673 2187 sumptiones
704 2103 835 2163 nostras
871 2099 1085 2184 supradictas,
1117 2099 1153 2164 in
1187 2101 1332 2186 ipsorum
1363 2101 1517 2188 compotis

302 2209 377 2260 tione.
468 2202 678 2268 allocutiones
700 2199 878 2286 petivimus
908 2221 1112 2265 summarum
1142 2203 1410 2268 concernentium
1432 2205 1516 2290 ipses

301 2313 357 2362 The
365 2313 457 2363 barone
468 2304 739 2390 consumptiones
786 2303 851 2368 Sed
882 2325 957 2366 cum
990 2303 1212 2370 thesaurarius
1243 2310 1277 2371 et
1308 2305 1446 2371 barones
1478 2307 1516 2370 de

301 2379 437 2510 ἓξὲξ
467 2407 624 2472 scaccario
657 2405 783 2470 nullam
814 2404 1050 2485 allocutionem,
1072 2406 1195 2492 absque
1227 2408 1360 2494 speciali
1393 2409 1515 2474 domini

301 2513 410 2562 demand
467 2510 553 2594 regis
574 2509 742 2588 mandato,
765 2507 843 2572 inde
864 2505 968 2573 facere
991 2508 1181 2587 voluissent,
1198 2532 1236 2575 co
1259 2509 1348 2597 quod
1369 2513 1516 2599 exceptio

301 2579 434 2706 fflffie
468 2611 560 2676 nulla
582 2632 680 2698 super
701 2610 763 2676 hoc
784 2610 821 2674 in
843 2610 1082 2676 certificatoriis
1104 2612 1249 2698 ipsarum
1271 2613 1411 2678 duarum
1435 2613 1516 2680 deci·

300 2709 447 2828 exceptique
467 2736 596 2780 marum
634 2714 865 2790 contineretur,
899 2735 1043 2778 summes
1079 2719 1192 2780 tamen
1229 2717 1316 2804 ipsas
1348 2730 1516 2804 consump-

301 2787 366 2896 igi„
377 2793 456 2895 31¹⁸
467 2819 576 2884 tiones
597 2821 827 2884 concernentes
849 2815 998 2902 praefatis
1025 2816 1251 2884 collectoribus
1280 2820 1415 2885 tandem
1441 2819 1516 2885 feci·

302 2911 429 3030 ἓξὲξ
469 2943 542 2987 mus
565 2920 706 2999 cllocari,
722 2919 773 2984 ita
795 2924 835 2984 ut
850 2917 944 2983 nullo
967 2919 1076 2986 medio
1093 2941 1155 2986 nos
1177 2921 1239 2987 soli
1261 2922 1340 2987 inde
1354 2922 1515 2988 debitores

301 3047 415 3110 bishop’s
469 3025 602 3090 domino
623 3023 694 3110 regi
716 3021 951 3087 deveniremus.
1008 3022 1109 3087 Unde
1139 3023 1238 3089 datus
1260 3029 1311 3090 est
1332 3025 1426 3089 nobis
1450 3026 1517 3090 dies

303 3113 447 3166 certificate.
469 3127 606 3192 ulterius
638 3125 681 3190 ad
719 3123 986 3189 satisfaciendum
1024 3124 1157 3190 domino
1195 3127 1266 3212 regi
1304 3127 1345 3191 de
1382 3128 1516 3192 summis

469 3228 755 3315 consumptionem
777 3226 985 3312 praescriptis,
1008 3233 1068 3292 aut
1098 3229 1362 3314 prosequendum
1384 3231 1516 3295 interim

302 3353 440 3405 Themoa-
469 3353 528 3419 pro
551 3329 784 3395 exoneratione
813 3329 998 3394 earundem.
1044 3327 1272 3396 Nihilonimus
1296 3337 1410 3397 tamen
1432 3334 1516 3398 vice·

302 3418 450 3536 moedi}
469 3454 575 3500 comes
613 3430 827 3496 Eborscensis
857 3453 927 3507 nos,
950 3431 1058 3496 medio
1090 3438 1246 3520 tempore,
1278 3455 1336 3520 per
1369 3435 1516 3520 quaedam

301 3557 428 3618 payment.
469 3536 580 3601 averia
616 3539 731 3598 nostra
768 3533 987 3620 distringebat
1024 3555 1083 3622 pro
1121 3537 1283 3602 solutione
1320 3537 1516 3603 decimarum

302 3648 448 3728 neyrqnd
469 3637 755 3725 consumptionem
784 3638 1023 3724 praedicturum.
1086 3638 1185 3706 Unde
1215 3661 1275 3705 nos
1297 3641 1339 3705 ad
1362 3641 1518 3706 satisfeci·

301 3717 446 3832 {flfflffi
469 3743 592 3808 endum
623 3741 701 3806 inde
724 3741 793 3828 regi
824 3745 885 3804 aut
906 3763 966 3827 pro
998 3744 1231 3808 exoneratione
1257 3744 1516 3830 prosequendum

301 3849 430 3900 emeca·
469 3845 609 3930 amplius
631 3865 730 3930 quam
753 3843 853 3908 libuit
876 3843 1055 3920 accelerati,
1079 3867 1148 3911 non
1177 3846 1284 3912 solum
1310 3867 1370 3934 pro
1401 3867 1518 3912 exone

302 3923 416 4034 {ffiffi
469 3948 595 4013 ratione
629 3967 830 4011 summarum
857 3947 1101 4014 concessionum
1130 3953 1379 4028 transactarum,
1402 3969 1516 4014 verum

302 4049 397 4116 special
469 4050 572 4115 etiem
617 4071 676 4136 pro
721 4049 835 4115 charta
880 4049 1141 4136 exoner[ati0nis
1191 4051 1338 4138 fu]turae,
1383 4053 1517 4118 tandem

303 4113 449 4248 fflgi
470 4153 579 4220 conati
612 4173 725 4218 sumus
756 4153 910 4238 prosequi
944 4173 1020 4238 erga
1054 4153 1163 4238 ipsum
1196 4154 1367 4219 dominum
1399 4176 1516 4242 regem,

303 4253 369 4368 {3¹¹¹
379 4250 425 4300 ¹¹²⁹
470 4255 778 4324 transmittentesd
782 4303 913 4321 .....
937 4254 1135 4341 (lopandale
1158 4257 1300 4343 priorem
1330 4257 1516 4322 monasterii

302 4334 430 4448 Heiime
471 4360 585 4440 nostri,
620 4357 808 4423 Londoniss
838 4379 898 4443 pro
929 4357 1140 4442 praemissis·
1171 4358 1290 4438 Utubi,
1324 4383 1398 4425 cum
1434 4383 1517 4448 pne-

302 4463 436 4540 ¹⁰thf³⁸ffl
470 4465 559 4530 fatus
581 4461 670 4550 prior
693 4513 700 4527 .
786 4511 792 4524 .
816 4459 951 4525 consilio
982 4466 1112 4526 maturo
1135 4461 1341 4541 informatus,
1364 4484 1402 4527 ac
1424 4483 1515 4548 spem

303 4529 457 4646 iietsssm.
470 4567 594 4634 habens
616 4565 651 4630 in
674 4564 807 4631 domino
829 4541 928 4629 Potio
951 4563 1096 4645 Bukton‚
1119 4565 1226 4630 milite
1227 4613 1359 4642 .....
1404 4570 1515 4630 nostro

304 4670 384 4722 ΨΜ
470 4676 505 4734 et
536 4668 760 4754 compatriota,
794 4667 850 4752 qui
890 4665 1032 4732 mraxime
1064 4667 1236 4733 familiaris
1274 4667 1355 4734 dicti
1392 4667 1516 4732 domini
