3538 5860
506 873 707 924 umnnrmus
728 873 836 924 sarrs
858 873 1054 926 vrcrsruns.
1252 863 1316 928 313

262 1049 351 1138 apud
387 1049 573 1137 Waghnam
605 1049 798 1114 nullatenus
838 1049 973 1115 manant
1007 1051 1257 1137 comprehensae,
1281 1054 1316 1116 et
1330 1060 1397 1112 ab.
1412 1067 1483 1114 rur.

263 1152 303 1217 dc
327 1149 635 1238 consumptionibus
658 1151 837 1216 earundem
868 1151 904 1216 in
934 1152 1165 1238 spiritualibus
1187 1153 1223 1218 in
1245 1153 1319 1239 ipsa

263 1253 406 1320 secunda
427 1253 644 1339 inquisitione
666 1252 751 1317 nihil
774 1253 909 1318 omnino
931 1263 1043 1319 actum
1066 1255 1191 1334 fuisset,
1215 1259 1316 1340 atque

263 1356 306 1422 ad
328 1354 608 1420 examinationem
631 1375 801 1441 processus
815 1355 921 1420 nostri
945 1355 986 1422 de
1009 1357 1316 1443 consumptionibus

263 1457 372 1524 habiti
403 1457 439 1521 in
474 1458 562 1524 dicto
594 1457 752 1522 scaccario
786 1457 856 1522 sine
887 1457 1059 1522 maturiori
1092 1459 1225 1528 oonsilio
1249 1481 1316 1524 non

264 1563 499 1647 praesumentes
517 1559 699 1647 procedere,
715 1558 839 1624 dictam
855 1558 1113 1624 retornationem
1128 1566 1163 1626 et
1185 1583 1315 1647 expres-

264 1661 389 1727 sionem
413 1684 466 1726 xx.
490 1660 672 1726 solidorum
706 1665 838 1726 tantum
872 1683 931 1748 pro
963 1661 1099 1728 ecclesia
1121 1663 1161 1728 de
1186 1663 1315 1750 Esyng-

265 1769 353 1842 tona,
388 1768 423 1829 et
446 1763 514 1848 xiij.
547 1761 734 1839 solidorum,
767 1761 824 1848 iiij.
851 1763 1069 1846 denariorum,
1101 1769 1232 1830 tantum
1256 1788 1315 1852 pro

265 1865 398 1931 ecclesia
431 1865 472 1930 de
505 1863 645 1950 Skypse
679 1885 721 1929 ex
751 1865 942 1950 ignorantia
973 1866 1027 1932 vel
1049 1866 1255 1954 negligentia
1282 1873 1317 1933 et

265 1966 348 2032 vitio
371 1966 538 2052 scriptoris
562 1965 738 2052 contigisse
765 1971 984 2045 asseruerunt,
1000 1972 1151 2054 petentes
1174 1969 1316 2034 alterum

265 2069 365 2134 breve
396 2067 564 2134 consimile
588 2067 723 2133 domino
754 2067 997 2156 archiepiscopo
1028 2091 1086 2156 pro
1110 2070 1227 2136 melius
1251 2093 1317 2136 cer-

266 2170 418 2235 tiorando
450 2170 573 2236 iterum
606 2168 822 2255 dirigendum.
870 2169 967 2248 Quod
1001 2170 1132 2255 quidem
1166 2172 1315 2257 praedicti
1329 2187 1468 2239 Theaet-

266 2272 490 2336 thesaurarius
524 2277 559 2336 et
594 2272 731 2336 barones
753 2271 891 2336 tandem
928 2277 1124 2351 annuentes,
1152 2274 1315 2360 judicium
1328 2254 1484 2386 ffifflffw

266 2373 345 2438 dicti
367 2373 479 2438 brevis
509 2377 543 2437 et
574 2371 717 2438 aliorum
747 2372 967 2439 consimilium
990 2374 1139 2440 brevium
1162 2398 1221 2462 per
1243 2378 1316 2442 uni·
1328 2387 1418 2452 certisy

265 2497 376 2541 versas
399 2475 554 2542 dioeceses
584 2473 678 2561 regni
705 2474 906 2540 directorum
936 2497 1041 2561 usque
1064 2476 1107 2542 ad
1129 2477 1316 2564 proximum
1328 2454 1417 2505 mh·

265 2582 388 2642 extunc
421 2577 601 2642 terminum
632 2577 882 2663 suspenderunt
938 2576 1038 2642 Unde
1068 2578 1210 2644 alterum
1240 2603 1314 2644 cou-

266 2679 370 2744 simile
404 2679 528 2744 iterum
563 2677 723 2744 directum
758 2683 807 2744 est
840 2677 1081 2766 archiepiscopo
1105 2681 1315 2762 Eboraoensi‚

267 2781 367 2867 priori
389 2780 616 2846 retornatione
638 2779 855 2845 nihilominus
877 2781 912 2844 in
935 2781 1095 2846 scaccario
1117 2790 1315 2850 remanente.

267 2883 363 2962 Quod
393 2882 525 2968 quidem
562 2881 662 2946 breve
700 2882 863 2968 posterius
901 2904 977 2946 cum
1016 2882 1124 2950 dictus
1164 2884 1316 2949 dominus

267 2984 529 3072 archiepiscopus
562 2982 746 3069 recepisset,
770 2988 805 3048 et
836 2983 975 3048 ulterius
1005 3004 1064 3069 pro
1088 2989 1181 3070 parte
1203 2990 1318 3051 nostra

268 3099 404 3174 rogetus
427 3085 544 3151 suisset
577 3091 617 3149 ut
652 3085 693 3150 dc
716 3084 813 3150 dictis
835 3085 978 3151 ecclesiis
1001 3085 1042 3150 de
1064 3085 1261 3172 Esyngtona
1284 3093 1318 3154 et

267 3188 404 3274 Skypse‚
421 3187 462 3254 de
485 3186 619 3252 decimis
640 3208 752 3252 earum
776 3187 948 3270 consuetis,
963 3187 1050 3252 sicut
1071 3187 1258 3273 antiquitus
1280 3189 1317 3254 in

267 3291 336 3377 ejus
358 3290 507 3377 registris
531 3295 565 3354 et
598 3289 700 3354 etiam
735 3287 770 3352 in
803 3289 923 3354 rotulis
945 3289 1099 3354 scaccarii
1120 3289 1314 3370 habebatur,

267 3393 363 3458 dictis
400 3390 606 3458 thesaurario
638 3395 673 3455 et
707 3390 884 3455 baronibus
922 3390 1044 3456 iterum
1084 3397 1252 3458 retornare
1282 3399 1317 3458 et

267 3494 446 3560 certificare
469 3493 669 3580 dignaretur,
686 3513 817 3579 prorsus
833 3492 960 3574 abnuit,
980 3493 1045 3559 nisi
1067 3493 1208 3580 priorem
1223 3517 1316 3561 suam
1330 3521 1371 3572 He
1382 3521 1448 3572 hesi-

267 3596 535 3662 certificationem
567 3594 659 3682 prius
682 3595 877 3681 r·ecepisset;
910 3617 953 3660 ne
983 3599 1080 3661 tanta
1101 3597 1317 3664 contrarietas
1330 3595 1470 3707 ffiffiet

267 3698 328 3764 sub
351 3697 484 3763 nomine
516 3702 551 3762 et
585 3695 692 3782 sigillo
724 3697 792 3761 suis
814 3697 851 3761 in
874 3697 1112 3764 scaccariovel
1135 3699 1228 3766 ouria
1250 3701 1476 3786 aliahimrelr'by

268 3799 393 3865 domini
415 3799 501 3885 regis
516 3799 558 3864 ad
581 3818 677 3862 suum
701 3796 842 3863 dedecus
865 3799 964 3863 simul
987 3801 1149 3885 potuisset
1172 3803 1315 3888 reperiri.
1329 3789 1485 3904 sseffflffi

230 3983 231 3986 Ἴ
268 3901 333 3970 Sed
357 3923 431 3967 oum
454 3899 596 3965 fidenter
611 3897 675 3963 sibi
695 3899 879 3984 pollicitum
894 3899 1010 3965 fuisset
1024 3902 1122 3986 quod,
1146 3905 1317 3989 posteriori
1329 3889 1472 3985 evmtuilly

268 4002 502 4069 certificatione
525 4003 562 4065 in
591 4000 788 4065 scaccarium
819 3999 944 4066 domini
969 4002 1056 4087 regis
1079 4004 1236 4084 exhibita,
1261 3985 1456 4072 ex-⁰⁰¹¹¹¹'¹i⁰⁸·

267 4106 414 4172 aminata
446 4111 480 4170 et
514 4101 665 4179 admissa,
704 4101 794 4168 dicta
830 4102 1015 4188 praecedens
1047 4106 1237 4174 certificatio
1275 4131 1317 4174 ex

268 4206 357 4273 dioto
388 4205 546 4272 scaccario
582 4202 820 4288 reacciperetur
853 4209 888 4270 et
919 4205 1054 4271 omnino
1077 4209 1316 4291 annullaretur,

267 4330 309 4374 ns
331 4309 404 4394 ipse
426 4306 641 4373 contrarietas
664 4303 700 4368 in
718 4305 808 4372 dicto
822 4306 983 4372 scaccario
1004 4308 1104 4374 simul
1125 4319 1317 4390 remaneret,

266 4411 374 4476 dictus
396 4408 657 4495 archiepiscopus
688 4407 959 4474 certificatorium
993 4431 1089 4476 suum
1120 4413 1156 4477 in
1178 4413 1317 4498 singulis

266 4533 429 4578 renovans
466 4511 576 4597 quoad
621 4511 728 4578 dictas
782 4509 932 4576 ecclesias
969 4511 1010 4577 de
1048 4511 1245 4601 Esyngtona
1282 4521 1317 4582 et

267 4613 404 4700 Skypse
427 4613 474 4678 sic
507 4611 606 4677 dictis
639 4611 843 4678 thesaurario
871 4617 906 4675 et
936 4612 1115 4678 baronibus
1138 4617 1316 4684 certificare

267 4715 418 4782 curavit:
452 4725 468 4752 “
484 4713 620 4781 Praefati
651 4713 754 4779 abbas
786 4719 820 4779 et
849 4718 1033 4780 conventus
1066 4713 1108 4780 de
1140 4715 1243 4784 bleba
1271 4721 1316 4787 ad
