3614 5888
510 885 687 940 cossurus
709 883 817 934 nanas
839 883 971 936 saurus
993 884 1154 938 oremus.
1290 871 1351 936 121

307 1064 342 1124 et
364 1060 453 1125 ultra
474 1057 610 1125 modum
633 1057 808 1146 aliquoties
837 1058 1048 1126 altitudinem
1070 1058 1160 1126 villae
1190 1064 1357 1124 transcen·
1370 1068 1437 1120 ab.
1453 1073 1516 1118 ross

307 1162 431 1240 dentes,
447 1166 482 1228 et
503 1161 610 1250 ipsam
631 1161 726 1248 quasi
747 1183 861 1230 murus
883 1161 1031 1248 undique
1056 1161 1356 1249 circumcingentes,
1369 1139 1460 1188 '¹³⁶⁷‘

308 1264 414 1332 eidem
428 1263 540 1332 νίΙΙω1
562 1264 737 1330 interitum
760 1262 972 1351 proximum³
994 1266 1244 1330 commiserunt.
1285 1263 1358 1329 Hac

307 1367 420 1454 itaque
443 1366 585 1433 terribili
607 1367 735 1436 visione
749 1388 911 1453 aquarum
931 1367 1176 1456 circumspecta,
1189 1367 1358 1433 interclusi

277 1497 280 1504 ⁴
307 1468 463 1556 reliquiis,
486 1469 646 1548 crucibus,
661 1475 697 1535 et
711 1469 787 1536 aliis
801 1471 1006 1536 ornamentis
1020 1469 1255 1548 ecclesiasticis,
1270 1470 1358 1556 *quae
1371 1475 1389 1525 s·
1403 1481 1450 1525 ¹1⁴
1462 1475 1485 1528 b·

308 1571 369 1637 sibi
394 1573 525 1659 private
550 1575 800 1654 remanserunt:
825 1571 884 1638 ot³
914 1573 1004 1640 inter
1033 1593 1151 1640 manue
1183 1573 1361 1640 sacerdotis

308 1674 451 1761 corporis
474 1674 600 1741 Christi
629 1673 752 1740 viatico
784 1675 974 1753 comitante,
997 1679 1234 1753 concurrentes,
1266 1675 1360 1742 flebi-

308 1776 386 1843 liter
410 1776 555 1866 gratiam
578 1777 794 1864 implorando,
815 1776 935 1844 suum*
957 1783 1038 1858 tunc
1051 1778 1226 1844 interitum
1249 1777 1360 1864 prohi-

308 1879 462 1946 buerunt.
508 1879 560 1946 Ac
581 1880 709 1960 deinde,
730 1879 838 1947 indies
862 1902 896 1946 se
918 1885 953 1946 et
975 1903 1035 1946 sua
1056 1881 1135 1947 inde
1161 1886 1361 1958 amoventes

309 1983 412 2069 ipsam
427 1981 541 2048 villam
558 1983 595 2048 in
618 1982 790 2070 proximo⁶
805 1982 1028 2050 devorandam
1049 1984 1255 2070 reliquenmt
1269 1983 1361 2069 peni-

309 2090 365 2150 tus
399 2083 630 2152 indefensam!
677 2084 768 2166 Quae,
805 2084 957 2152 modico⁷
994 2086 1151 2173 temporis
1184 2085 1360 2152 intervallo

310 2187 486 2265 mediante,
502 2187 583 2274 ipsis
605 2209 674 2254 non
688 2187 923 2254 miserantibus
945 2187 1199 2276 tempestatibus
1220 2187 1361 2254 fluctuo·

310 2288 380 2356 sis⁸
394 2289 694 2376 irrecuperabiliter
716 2294 767 2356 est
781 2289 957 2358 destructa
1003 2289 1126 2358 Incolae
1140 2295 1253 2356 autem
1276 2289 1361 2375 ejus·
1373 2305 1460 2372 rugat
1470 2309 1502 2358 of

311 2392 385 2458 dem
406 2393 450 2460 ad
471 2392 588 2458 villam
603 2392 645 2458 de
660 2391 882 2479 Kyngestona
903 2414 1003 2480 snper
1019 2392 1123 2459 Hullo
1138 2391 1361 2470 convolantes,
1372 2372 1522 2492 fflffibi·

310 2494 434 2572 ibidem
449 2495 484 2560 in
508 2494 658 2582 partibus
682 2494 724 2560 de
740 2493 970 2574 Holdsrnesse,
985 2499 1078 2562 trans
1101 2495 1244 2560 fluvium
1265 2515 1360 2580 aquae
1372 2505 1511 2572 mugator-

311 2596 352 2663 ds
378 2597 492 2678 Hullo,
513 2597 604 2684 apud
626 2595 800 2685 Drypule,⁹
821 2596 930 2666 locum
955 2597 1175 2666 mercimoniis
1197 2597 1264 2663 suis
1287 2617 1360 2662 oon-
1373 2574 1492 2626 ⁰¹¹'H¹¹¹¹·

309 2721 429 2786 gruum
451 2705 638 2766 construere
672 2704 707 2766 et
727 2699 934 2766 *adificare'
949 2698 975 2740 ¹⁰
998 2700 1221 2772 decreverunt.
1283 2697 1359 2778 Sed,

311 2801 454 2867 dominis
468 2801 574 2888 ipsius
587 2801 676 2867 feodi
690 2802 734 2868 ad
748 2823 844 2868 suum
859 2801 994 2869 libitum
1016 2824 1209 2870 consensum
1224 2803 1360 2869 celerem

311 2926 349 2970 ac
370 2903 534 2991 placidum
557 2903 604 2970 eis
625 2926 694 2970 non
719 2904 965 2992 praestantibus,
993 2906 1075 2973 dicti
1096 2905 1213 2972 incolae
1235 2905 1276 2972 ds
1296 2905 1361 2970 Ra

313 3029 447 3074 versare
474 3005 584 3073 Odd¹¹
610 3007 654 3072 ad
678 3006 784 3094 ipsam
806 3007 921 3074 villam
943 3009 984 3074 de
1010 3007 1237 3096 Kyngestoua,
1261 3012 1296 3074 et
1317 3008 1360 3074 ad

312 3109 394 3174 alios
416 3108 538 3196 burgos
558 3113 594 3174 et
608 3106 706 3174 villas
728 3107 920 3188 maritimas,
936 3131 1132 3195 quocunque
1154 3131 1209 3176 eos
1223 3109 1360 3196 spiritus

313 3211 465 3290 duxerat,
492 3210 604 3276 cedere
628 3215 835 3276 censuerrmt.
881 3210 960 3298 Ipsa
985 3217 1097 3278 autem
1119 3211 1202 3276 villa
1228 3211 1270 3276 de
1294 3211 1360 3276 Ra·
1374 3214 1526 3266 Sireorna-

312 3333 449 3379 vensere
472 3311 558 3391 Odd,
580 3311 747 3399 quondam
762 3311 838 3378 Odd
857 3312 959 3399 juxta
981 3314 1167 3380 Ravensere
1191 3319 1226 3379 et
1248 3285 1519 3400 pomoranos,

314 3415 499 3481 Ravensere
521 3415 705 3502 vulgariter
718 3421 917 3502 nuncupata,
932 3415 974 3510 in.
991 3417 1117 3483 ultimis
1140 3413 1298 3482 finibus¹²
1320 3416 1360 3482 de

314 3517 543 3598 Holdernesse,
559 3517 648 3583 inter
662 3539 764 3604 aquas
783 3517 885 3584 maris
900 3522 936 3587 et
951 3518 1126 3586 Humbriae
1148 3518 1362 3598 consistens,18

312 3644 334 3687 a
355 3623 451 3688 firma
484 3627 573 3686 terre
595 3643 653 3709 per
675 3621 821 3708 spatium
850 3621 950 3687 unius
974 3621 1125 3688 milliaris
1154 3627 1190 3688 et
1220 3622 1362 3709 amplius

314 3723 470 3790 distabat.
514 3723 570 3788 Ad
584 3722 678 3809 cujus
700 3722 828 3788 aditum
845 3723 889 3788 ab
915 3724 1054 3811 antiquo
1076 3724 1117 3790 de
1139 3723 1207 3792 Ald
1232 3725 1501 3791 Rauen-'shewed

315 3847 385 3892 sere
416 3825 473 3892 via
502 3824 642 3912 patebat
671 3845 817 3902 arenosa,
841 3825 1008 3914 lapidibus
1032 3825 1185 3893 rotundis
1210 3833 1244 3894 et
1266 3827 1363 3893 flavis
1374 3792 1508 3911 gibi?

1375 3941 1472 3978 vender·

349 4098 358 4131 ¹
376 4096 451 4165 ride]
471 4098 587 4163 nnung
597 4097 625 4148 ln
635 4097 667 4148 P.
895 4100 906 4134 ⁹
922 4101 993 4166 apud
1015 4101 1145 4169 Drypala]
1181 4118 1215 4154 ax
1248 4104 1361 4155 orientali

349 4176 360 4210 ²
371 4177 523 4244 μοι-ἰωῇ]
542 4177 731 4244 wantinginP.
861 4180 1020 4245 puncius,
1033 4181 1063 4232 Ρ.

350 4256 469 4368 rm·
490 4257 574 4348 ⁶·‘fl
592 4255 784 4323 mllnssinp·
897 4283 1140 4354 ¹⁰⁸etoedfflcare']
1159 4289 1351 4355 wantinginP.

378 4335 461 4402 um]
480 4337 618 4386 suntmE
953 4391 958 4403 ‚

351 4414 362 4446 ι
380 4431 406 4464 m
415 4415 538 4481 prm-mo]
553 4415 746 4481 avonglnlbss!
756 4415 818 4466 fluc-
896 4389 915 4423 ¹¹
931 4389 993 4442 dicii
1003 4429 1010 4442 .
1027 4427 1034 4442 ι
1046 4390 1186 4444 Idume
1195 4393 1265 4462 Odd]
1284 4403 1364 4445 want·

316 4501 388 4546 tuum
398 4493 703 4556 messanensem.
863 4470 986 4538 lnsslnl'·

349 4571 361 4604 ⁶
378 4571 548 4640 indefensam]
568 4573 712 4632 desolatam,
724 4573 754 4623 P.

351 4651 361 4688 ⁷
378 4649 481 4718 modae]
500 4652 579 4716 nullo,
590 4651 621 4702 P.
731 4715 734 4721 Α

351 4731 363 4762 ⁸
379 4733 456 4783 noer
479 4731 616 4796 fluctuosis
651 4732 736 4792 insert,
765 4747 820 4783 eam
899 4735 918 4768 ¹³
935 4736 1078 4801 conclama]
1097 4735 1214 4796 existens,
1228 4737 1256 4788 Ρ.

320 4810 530 4872 tnusduontibus,
543 4812 573 4864 1’.
