3578 5874
453 857 517 920 234
630 870 831 920 winnnmrus
853 869 961 920 annas
984 869 1138 920 octavus
1160 871 1321 920 nncruus.

284 1055 353 1106 An.
368 1057 430 1105 1372
453 1046 542 1110 ditus
564 1046 745 1132 pecuniarii
768 1047 959 1112 monasterii
982 1069 1040 1132 per
1062 1067 1186 1111 annum
1201 1053 1282 1111 tunc
1296 1045 1363 1110 fuit
1378 1042 1498 1127 cccxlij.

284 1127 424 1252 fflffl
451 1148 554 1229 nare,
587 1149 657 1214 xix.
683 1149 802 1224 „sonu
841 1150 909 1234 vaj.
946 1149 1081 1226 aenean,
1117 1148 1240 1214 obolus.
1297 1147 1344 1212 aa
1374 1167 1501 1212 summa

287 1270 374 1332 profits
385 1268 414 1317 of
451 1255 674 1336 proventuum
697 1252 737 1316 de
770 1251 910 1316 ecclesiis
944 1257 978 1316 et
1009 1252 1164 1338 grangiis,
1189 1252 1222 1314 in
1247 1249 1353 1314 bladis
1377 1255 1412 1314 et
1435 1248 1499 1312 sin-

285 1336 438 1467 ffiffymffl&
450 1353 537 1439 gulis
559 1354 633 1418 aliis
656 1355 815 1441 proficuis,
833 1377 891 1441 per
913 1377 1037 1420 annum
1061 1355 1210 1440 ccxxxvj.
1226 1354 1328 1418 librae.
1364 1353 1499 1418 Summa

341 1441 346 1451 ¹
452 1463 671 1542 proventuum
695 1458 845 1522 lanarum
876 1459 1055 1522 secundum
1086 1479 1189 1522 annos
1211 1477 1398 1522 communes
1419 1477 1498 1518 xxx.

452 1558 554 1624 libra.
613 1559 750 1624 Summa
772 1561 1026 1646 perquisitomm
1050 1561 1213 1624 curiarum
1237 1559 1419 1624 secundum
1441 1579 1499 1622 an-

452 1683 512 1725 nos
545 1683 734 1726 communes
766 1685 789 1727 c
815 1663 918 1728 solidi.
965 1662 1104 1727 Summa
1134 1683 1212 1748 ergo
1237 1663 1385 1727 omnium
1418 1659 1499 1725 reci·

452 1763 645 1848 piendorum
678 1765 725 1829 sic
764 1786 823 1851 per
854 1787 979 1829 annum
1013 1765 1125 1850 Dcxiij.
1157 1765 1257 1840 librae,
1292 1766 1360 1828 xix.
1393 1762 1497 1838 solidi,

283 1879 414 1939 Penuons,
451 1865 519 1950 viij.
544 1867 679 1944 denarii,
703 1867 824 1933 obolus.
881 1868 926 1932 Et
959 1868 1095 1933 fuerunt
1128 1873 1208 1933 tunc
1242 1889 1342 1932 onera
1375 1866 1499 1942 domus,

284 1949 415 2080 {ffirfssh‘r
451 1969 486 2032 in
510 1969 614 2034 firmia
637 1975 672 2034 ct
694 1969 952 2036 resolutionibus
982 1971 1102 2035 annuis
1133 1977 1167 2034 et
1194 1969 1406 2056 pensionibus
1429 1989 1499 2054 per-

282 2081 415 2132 liabilities.
450 2073 567 2156 petuis,
603 2072 734 2157 xxxiiij.
766 2073 869 2148 librae,
902 2073 994 2157 xviij.
1019 2073 1124 2152 solidi,
1148 2073 1180 2158 ij.
1204 2072 1340 2150 denarii,
1364 2071 1499 2149 obolus;

452 2195 553 2237 onera
585 2174 752 2238 ordinaria
791 2175 996 2239 ecclesiarum
1036 2181 1224 2239 nostrarum
1262 2174 1498 2260 parochialium

452 2277 627 2340 annuatim
650 2276 791 2361 iiijuvij.
817 2277 921 2356 librae,
946 2277 978 2361 ij.
1002 2277 1107 2356 solidi,
1131 2297 1162 2341 x.
1187 2277 1322 2341 denarii.
1369 2277 1412 2340 In
1434 2275 1499 2340 feo-

452 2377 584 2442 dalibus
619 2399 677 2463 per
709 2399 834 2442 annum
869 2379 914 2443 ix.
950 2379 1054 2458 librae,
1077 2379 1120 2444 xi.
1144 2379 1248 2456 solidi,
1272 2379 1340 2463 viij.
1365 2377 1499 2444 denarii.

452 2481 494 2544 In
516 2480 619 2544 firmis
654 2481 696 2545 ad
730 2481 910 2545 terminum
942 2482 1036 2545 etin
1060 2481 1420 2546 corrodiissecundum
1442 2501 1500 2544 va-

450 2581 553 2647 lorem
588 2603 736 2646 annuum
759 2583 778 2647 l.
803 2583 906 2648 librae.
952 2584 1088 2648 Summa
1118 2605 1194 2669 ergo
1227 2584 1389 2648 dictorum
1424 2605 1500 2648 one·

451 2707 525 2750 rum
549 2686 724 2750 annuatim
748 2686 868 2771 ciiijxx.
893 2685 995 2766 librae,
1019 2687 1124 2772 xxxij.
1149 2687 1253 2764 solidi,
1278 2687 1346 2773 viij.
1363 2687 1498 2763 denarii,

451 2787 574 2852 obolus.
621 2787 667 2852 Et
700 2788 746 2852 sic
781 2795 1010 2854 remanserunt
1044 2790 1086 2853 ad
1121 2789 1324 2853 omnimodas
1358 2791 1500 2875 reliquas

452 2911 611 2976 expensas
634 2891 825 2955 monasterii
848 2911 906 2978 per
929 2913 1062 2970 annum,
1079 2892 1115 2954 in
1139 2891 1291 2956 omnibus
1314 2897 1349 2958 ct
1363 2892 1500 2979 singulis

359 3042 370 3052 .
451 2993 609 3080 percellis,
626 2994 800 3079 ccccxxxij.
817 2993 920 3072 librae,
935 2995 992 3079 vij.
1009 2995 1112 3058 solidi.
1153 2993 1370 3060 Providentia
1385 2995 1499 3060 domus

355 3119 362 3142 ‚
416 3120 421 3131 ·
450 3097 515 3161 fuit
539 3096 579 3161 de
602 3095 769 3162 frumento
792 3117 896 3181 usque
920 3098 963 3161 ad
986 3097 1212 3160 Nativitatem
1237 3097 1350 3162 Beatae
1375 3097 1499 3176 Maria,

450 3204 484 3262 ct
507 3198 547 3262 de
583 3198 692 3262 brasio
727 3220 830 3284 usque
863 3199 905 3262 ad
939 3199 1059 3262 festum
1084 3199 1199 3263 Sancti
1222 3197 1402 3265 Michaelis.
1449 3201 1499 3265 De

452 3299 639 3364 omnimodo
674 3305 786 3366 stauro
819 3301 939 3384 equino
969 3300 1033 3364 ibit
1066 3323 1222 3366 numerus
1256 3302 1398 3388 iiijxxvij.
1449 3303 1499 3367 Da

456 3403 531 3466 aliis
567 3403 687 3467 averiis
725 3424 874 3482 occxxx.;
907 3408 941 3467 et
972 3404 1012 3466 de
1046 3403 1164 3468 ovibus
1203 3425 1275 3469 cum
1310 3405 1405 3490 agnis
1437 3405 1494 3491 ijm.

280 3527 433 3578 Numberof
450 3506 557 3570 ccclxi.
605 3507 651 3570 Et
674 3505 825 3570 monachi
848 3507 882 3568 in
908 3507 1108 3570 monasterio
1132 3513 1252 3592 praeter
1274 3509 1381 3593 ipsum
1407 3508 1498 3593 xxvj.

280 3596 378 3721 1111ξῦ1ξῆ
452 3608 505 3684 Et,
528 3609 565 3671 in
600 3608 791 3672 memoriam
826 3613 933 3672 status
965 3609 1025 3687 sui,
1051 3609 1169 3673 babuit
1202 3630 1363 3674 cameram
1398 3633 1497 3675 unam

281 3689 412 3790 sor⁰tl¹1⁸2⁰¹¹
451 3711 493 3774 ad
515 3709 678 3774 borealem
701 3710 800 3774 finem
817 3711 1027 3786 infirmitorii,
1046 3711 1148 3775 officio
1170 3713 1287 3799 prioris
1302 3721 1499 3791 consuetam,

281 3807 428 3927 {fimf
451 3833 593 3878 annuam
617 3813 808 3898 pensionem
824 3813 893 3898 xiij.
910 3829 1093 3878 marcarum
1116 3815 1157 3878 de
1179 3817 1325 3901 grangiis
1348 3817 1388 3880 de
1405 3817 1498 3882 Mora

402 3915 408 3927 '
451 3923 485 3980 et
516 3917 609 3996 Orco,
634 3915 796 4002 duplicem
831 3917 1016 4002 portionem
1049 3919 1085 3979 in
1119 3918 1222 3997 victu,
1245 3919 1341 3983 robes
1372 3925 1406 3984 et
1439 3922 1497 3985 sti-

452 4017 581 4106 pendia‚
606 4041 681 4082 cum
712 4019 956 4084 sustentatione
993 4019 1100 4083 victus
1127 4041 1186 4105 pro
1211 4019 1339 4086 duobus
1362 4021 1501 4102 famulis,

452 4143 555 4186 unum
579 4122 774 4186 monachum
797 4121 999 4196 servitorem,
1030 4123 1165 4207 gratias,
1187 4121 1357 4189 libertates
1380 4131 1414 4190 et
1436 4127 1502 4191 alia

450 4224 616 4310 requisita
668 4223 765 4288 Vixit
794 4230 905 4287 autem
940 4229 1014 4308 post
1037 4225 1213 4289 cessionem
1237 4247 1329 4290 suam
1353 4230 1448 4294 annis
1470 4233 1500 4308 4,

449 4327 617 4392 mensibus
641 4327 670 4402 2,
687 4331 721 4390 et
745 4325 860 4390 diebus
885 4329 949 4404 13;
972 4331 1006 4389 et
1029 4325 1113 4390 obiit
1136 4327 1253 4413 plenus
1276 4329 1403 4395 dierum
1425 4331 1499 4398 idus

449 4429 660 4517 Septembris,
683 4449 770 4492 anno
796 4426 932 4493 Domini
957 4431 1051 4504 1400,
1076 4451 1163 4494 anno
1187 4434 1407 4498 conversionis
1431 4456 1499 4501 suae

451 4537 502 4610 60,
536 4539 570 4598 et
604 4531 713 4598 aetatis
744 4552 812 4596 suae
845 4534 910 4608 813
950 4531 1162 4618 sepultusque
1196 4533 1232 4598 in
1267 4537 1374 4601 medio
1407 4537 1496 4603 chori

448 4636 679 4701 conventualis
702 4655 816 4699 versus
840 4633 1047 4698 occidentem.
