3578 5874
449 899 650 950 nmmum
672 898 781 952 mass
802 897 956 952 omarus
977 899 1138 952 nrcmua
1250 883 1314 954 187

270 1075 473 1142 vacillabant
494 1078 530 1140 et
551 1075 613 1140 sibi
636 1075 777 1140 invicem
800 1075 836 1138 in
858 1076 919 1141 hac
941 1095 1038 1141 eausa
1059 1077 1221 1142 contraria
1242 1097 1313 1142 sen·
1326 1083 1395 1142 Am.
1410 1093 1472 1142 mm
1548 1125 1549 1129 ,

271 1179 411 1258 tiebant,
425 1177 483 1242 sed
502 1177 670 1264 potissime
693 1183 874 1244 asserentes
896 1197 1008 1244 omnes
1022 1199 1187 1266 processus
1202 1179 1314 1264 hujus·
1327 1161 1416 1210 '¹³⁹⁶'

272 1281 362 1346 modi
376 1280 507 1345 nomine
521 1281 612 1366 regio
627 1279 730 1344 factos
743 1283 859 1346 contra
876 1281 954 1366 jura
969 1281 1073 1368 magis
1087 1301 1201 1346 nocere
1216 1301 1314 1366 quam

273 1383 368 1450 nobis
390 1383 549 1470 prodesse,
571 1382 788 1470 adjungentes
810 1384 911 1448 etiam
935 1385 1106 1449 nosnullo
1131 1381 1255 1468 [modo]
1278 1383 1314 1446 in

273 1485 447 1574 praemissis
469 1483 582 1550 tutos¹
605 1485 674 1550 fore
696 1505 790 1571 posse
812 1485 877 1550 nisi
899 1486 1179 1552 confirmationem
1213 1483 1314 1572 speci-

274 1589 357 1654 alem
390 1609 411 1652 a
444 1588 520 1652 sede
553 1585 757 1674 apostoliea²¹
789 1607 885 1674 super
908 1588 1006 1654 dictis
1029 1589 1169 1654 ecclesiis
1191 1587 1316 1654 valere·

190 1685 199 1704 ⁹
274 1688 370 1756 mus³
393 1688 591 1776 impetrare,4
622 1711 712 1776 spem
735 1690 868 1755 demum
898 1693 1083 1778 concipiens
1105 1693 1141 1756 in
1163 1690 1315 1771 Domino,
1329 1700 1446 1751 Amonk

275 1791 366 1857 misit
400 1791 596 1874 monachum
631 1793 795 1878 quendam
832 1793 929 1858 istius
966 1795 1166 1874 monasterii,
1203 1777 1422 1899 posteafssfgels0
1434 1767 1477 1816 ὼε

275 1896 362 1982 apud
396 1895 519 1959 Fontes
551 1895 740 1980 professum,
772 1895 816 1960 ad
848 1895 972 1960 curiam
1008 1895 1199 1978 Romanam,
1237 1901 1438 1962 tunccourtto

276 1999 453 2084 Avinionae
475 1998 697 2075 exsistentem,
709 2002 951 2084 temptaturum
974 1997 1002 2062 si
1018 2019 1082 2084 quo
1098 1999 1195 2064 modo
1209 2003 1317 2086 posset
1329 1966 1484 2084 {gffiff

276 2100 482 2165 confirmatio
513 2099 664 2187 papalis⁵
698 2121 797 2186 super
819 2099 885 2164 hiis
908 2102 1058 2166 obtineri.
1104 2101 1177 2182 Quo
1211 2107 1317 2166 trans·
1330 2101 1475 2151 nonofthe

277 2203 347 2268 iens
382 2203 491 2268 dictus
535 2202 721 2282 monachus,
755 2201 896 2267 adhaesit
931 2204 1150 2270 cardinalibus
1182 2204 1316 2280 duobus
1330 2167 1489 2297 {ffiffi'of

276 2305 429 2371 videlicet
452 2305 672 2370 cardinalibus
702 2303 817 2369 Sancti
848 2304 1017 2369 Eustachii
1039 2311 1074 2370 et
1095 2307 1210 2372 Sancti
1233 2306 1320 2370 Mar·
1330 2329 1422 2379 money
1432 2319 1461 2391 ¹⁰.

276 2407 388 2484 tlolis,⁶
411 2409 468 2492 qui
483 2407 690 2472 secretissimi
714 2411 810 2471 erant
833 2406 958 2471 domini
980 2429 1092 2494 papae3
1114 2427 1188 2474 cum
1210 2382 1474 2500 enqueffifflffl'

276 2510 456 2596 composuit
479 2515 517 2574 ut
540 2509 587 2574 eis
610 2509 751 2574 solverat
774 2529 850 2574 cccc.
868 2509 1063 2596 [florenos]⁷
1086 2530 1228 2592 camerae,
1246 2527 1319 2575 cum

276 2612 545 2698 supplicationem
591 2633 688 2697 super
724 2611 971 2676 confirmatione
1016 2612 1178 2678 dictarum
1222 2612 1319 2677 cocle-

277 2715 398 2779 siarum
435 2711 577 2793 factam,⁸
614 2713 650 2776 in
689 2713 795 2776 forma
833 2733 899 2798 qua
935 2714 1109 2799 petebatur
1145 2716 1318 2802 signatam,

276 2820 489 2903 reportarent.
528 2813 732 2901 Supplicatio
748 2835 825 2900 crgo
847 2815 920 2900 ipsa
937 2813 997 2896 bis,
1013 2817 1070 2881 sed
1086 2835 1152 2881 non
1167 2815 1320 2881 informa

277 2919 422 3007 praefixa,
446 2919 576 3005 signata
598 2917 705 2982 fuerat
717 2941 726 2996 3
756 2916 812 2982 sed
834 2917 978 2996 tandem,
1001 2939 1074 2983 cum
1097 2939 1216 3006 magna
1238 2917 1321 2983 diffi-

278 3023 411 3099 cultate,
444 3022 480 3085 in
510 3018 615 3084 forma
652 3041 718 3104 qua
750 3019 925 3105 petebatur
962 3039 1110 3085 concessa
1143 3022 1250 3086 firerat
1287 3024 1321 3085 et

278 3125 415 3210 signata.
462 3122 568 3187 Bullae
583 3126 695 3186 tamen
711 3141 808 3205 super
824 3119 887 3183 hiis
909 3120 1121 3186 nullatenus⁹
1142 3127 1321 3208 potuerunt
1333 3125 1389 3182 The
1400 3131 1476 3198 origi-

279 3225 430 3302 obtincri,
454 3224 519 3288 nisi
542 3223 664 3308 scripta
686 3222 994 3307 appropriationum
1017 3224 1193 3288 earundem
1224 3197 1462 3328 ecole-¹(}}¹¹al‘}l⁰,‘‡{³‡¹

279 3329 400 3393 siarum
410 3326 436 3366 ¹⁰
451 3328 488 3392 in
502 3327 593 3392 ouria
608 3324 843 3389 exhiberentur
855 3323 897 3403 ;11
913 3345 950 3389 oo
966 3327 1054 3410 quod
1068 3345 1179 3391 eorum
1195 3331 1322 3391 tenores
1334 3330 1446 3463 ieriffi

1020 3511 1094 3517 ....--
1101 3512 1124 3517 -
1137 3513 1319 3520 --.-‚

318 3633 326 3666 ¹
343 3631 387 3684 scd
403 3671 409 3684 .
428 3669 434 3682 .
453 3632 530 3697 turca]
549 3629 662 3680 dicentes
673 3645 700 3680 se
711 3629 780 3680 nullo
826 3629 937 3680 cardinal
954 3629 985 3680 os
997 3629 1035 3682 st.
1050 3630 1183 3694 Emtaoha
1200 3633 1251 3682 and
1267 3633 1322 3684 Hu-

281 3715 355 3766 modo
366 3719 458 3774 tutum,
468 3711 498 3762 P.
824 3713 929 3776 guarda
945 3711 1020 3763 Salnt
1035 3710 1152 3774 Maroial,
1169 3713 1280 3764 cardlnal
1296 3715 1325 3766 of

314 3793 325 3827 ²
336 3793 412 3844 Amr
423 3787 556 3857 apostolica
563 3789 649 3852 insert,
658 3789 724 3854 quod
732 3788 778 3839 lm·
825 3789 864 3845 St.
875 3791 950 3856 Mary
960 3791 987 3840 ln
998 3790 1111 3840 Portica.

281 3867 596 3941 pomibilearbltrarentur,
608 3867 638 3919 P.
856 3869 868 3908 ⁷
875 3869 1003 3936 floream]
1022 3870 1208 3934 wmdnginP.

313 3951 414 4002 ’dictis
431 3990 438 4002 .
455 3989 461 4002 .
478 3947 623 4014 ratramus]
642 3946 690 3998 hiis
707 3951 779 4013 pota·
857 3949 996 4015 ⁸capcr..
1007 3949 1121 4015 scotum]
1140 3951 1323 4016 wmdnginP.

282 4039 342 4094 erat,
354 4031 385 4083 P.
858 4029 868 4060 ⁸
885 4025 1035 4093 nudamus]
1054 4028 1204 4092 nnllelenur,
1215 4030 1245 4080 E.

316 4113 325 4142 ⁴
342 4111 417 4162 After
437 4111 568 4174 impanare
587 4105 674 4166 iucem,
693 4107 781 4170 adjnn·
858 4105 879 4139 ¹⁰
894 4109 989 4172 scriptu
1007 4141 1034 4156 ..
1055 4107 1222 4175 molestarum]
1237 4114 1324 4162 erasod

282 4195 369 4258 gentes
384 4189 450 4255 qnod
468 4201 554 4238 omnes
571 4197 701 4250 moccssus
720 4201 782 4250 quos
825 4186 1102 4239 andra-mittenlnll.

282 4265 782 4333 intemnominereglomagianooerent
859 4265 877 4298 ¹¹
891 4265 1046 4331 supplicatio
1064 4303 1070 4317 .
1091 4305 1098 4317 .
1118 4305 1124 4318 .
1141 4267 1321 4336 exhiberentur]

282 4349 329 4400 sibi
360 4363 436 4414 qnam
462 4349 617 4411 proderent;
645 4357 703 4395 cum
728 4343 782 4407 jan
827 4346 1126 4412 eumquehacsccisset,
1140 4350 1173 4399 ad
1190 4349 1324 4414 providen-

282 4423 363 4494 magis
373 4439 449 4491 quam
461 4439 523 4476 xxx.
535 4425 612 4476 libras
630 4425 784 4487 expenderat
827 4427 887 4476 dum
899 4439 945 4489 pro
960 4425 1079 4488 predicta
1096 4429 1210 4491 pecuum
1221 4429 1325 4478 dimisso

283 4509 311 4557 in
322 4505 466 4572 pramisais,
477 4501 507 4556 P.
827 4503 854 4554 in
876 4503 932 4554 loco
957 4519 1002 4554 suo
1030 4515 1191 4570 procuratore
1218 4507 1324 4572 quodam

316 4583 466 4652 ⁵pupulis]
496 4581 610 4647 specialia
639 4595 654 4632 a
681 4582 784 4632 domino
827 4583 912 4644 curia,
932 4583 1052 4650 magistro
1071 4583 1204 4650 Radnlpho
1226 4587 1257 4636 dc
1280 4586 1324 4637 Se-

284 4679 357 4730 papa
368 4665 397 4715 P.
826 4663 962 4730 cinglum,
977 4665 1009 4714 ad
1025 4663 1180 4714 multandum
1197 4669 1224 4714 et
1240 4679 1324 4728 prose·

317 4741 455 4794 rvicctca
472 4781 478 4792 .
497 4781 503 4792 .
521 4737 667 4807 Martialis]
697 4741 784 4790 erased
828 4745 954 4806 quendum
972 4742 998 4792 in
1016 4741 1117 4806 negotio
1131 4742 1324 4806 supradictand

284 4825 334 4875 and
354 4821 573 4883 rewrittenlnll.;
595 4821 707 4886 wanting
719 4819 744 4870 in
755 4821 783 4870 P.
828 4829 912 4887 partes
922 4823 1048 4873 mmeavit.
1082 4822 1325 4876 Portcadiotuamo·

286 4903 342 4956 The
353 4903 477 4956 cardinale
487 4918 553 4955 were
570 4902 644 4954 Piero
655 4901 785 4962 nnndrin,
829 4902 908 4967 gister
920 4899 1069 4965 Radulphuc
1085 4902 1214 4954 mandavit
1230 4903 1325 4955 litteras
