<?xml version="1.0" encoding="UTF-8"?>
<!DOCTYPE html PUBLIC "-//W3C//DTD XHTML 1.0 Transitional//EN"
    "http://www.w3.org/TR/xhtml1/DTD/xhtml1-transitional.dtd">
<html xmlns="http://www.w3.org/1999/xhtml" xml:lang="en" lang="en">
 <head>
  <title>
</title>
<meta http-equiv="Content-Type" content="text/html;charset=utf-8" />
  <meta name='ocr-system' content='tesseract 3.04.00' />
  <meta name='ocr-capabilities' content='ocr_page ocr_carea ocr_par ocr_line ocrx_word'/>
</head>
<body>
  <div class='ocr_page' id='page_1' title='image "./chronicamonaste01thomgoog_0180.png"; bbox 0 0 3610 5890; ppageno 0'>
   <div class='ocr_carea' id='block_1_1' title="bbox 328 832 1244 930">
    <p class='ocr_par' dir='ltr' id='par_1_1' title="bbox 328 832 1244 930">
     <span class='ocr_line' id='line_1_1' title="bbox 328 832 1244 930; baseline -0.007 -8"><span class='ocrx_word' id='word_1_1' title='bbox 328 832 336 846; x_wconf 35' lang='grc' dir='ltr'><strong>ι</strong></span> <span class='ocrx_word' id='word_1_2' title='bbox 416 861 458 922; x_wconf 89' lang='grc'><strong>68</strong></span> <span class='ocrx_word' id='word_1_3' title='bbox 651 871 749 921; x_wconf 78' lang='lat' dir='ltr'>HUGO</span> <span class='ocrx_word' id='word_1_4' title='bbox 772 866 883 918; x_wconf 77' lang='lat' dir='ltr'>ABBAS</span> <span class='ocrx_word' id='word_1_5' title='bbox 906 868 1060 930; x_wconf 81' lang='lat' dir='ltr'>QUINTUS</span> <span class='ocrx_word' id='word_1_6' title='bbox 1084 868 1244 920; x_wconf 78' lang='lat' dir='ltr'>DECIMUS.</span> 
     </span>
    </p>
   </div>
   <div class='ocr_carea' id='block_1_2' title="bbox 247 1040 1470 1745">
    <p class='ocr_par' dir='ltr' id='par_1_2' title="bbox 247 1040 1470 1745">
     <span class='ocr_line' id='line_1_2' title="bbox 247 1040 1470 1111; baseline -0.002 -3"><span class='ocrx_word' id='word_1_7' title='bbox 247 1046 580 1111; x_wconf 74' lang='lat' dir='ltr'><strong>A.1).1347.Henricus</strong></span> <span class='ocrx_word' id='word_1_8' title='bbox 610 1066 687 1111; x_wconf 88' lang='lat' dir='ltr'><strong>vero</strong></span> <span class='ocrx_word' id='word_1_9' title='bbox 720 1066 828 1110; x_wconf 88' lang='lat' dir='ltr'><strong>comes</strong></span> <span class='ocrx_word' id='word_1_10' title='bbox 853 1043 1056 1110; x_wconf 88' lang='lat' dir='ltr'><strong>Lancastrise</strong></span> <span class='ocrx_word' id='word_1_11' title='bbox 1086 1063 1201 1108; x_wconf 89' lang='lat' dir='ltr'><strong>versus</strong></span> <span class='ocrx_word' id='word_1_12' title='bbox 1223 1040 1396 1107; x_wconf 88' lang='lat' dir='ltr'><strong>Boloniam</strong></span> <span class='ocrx_word' id='word_1_13' title='bbox 1420 1063 1470 1106; x_wconf 92' lang='lat' dir='ltr'><strong>re-</strong></span> 
     </span>
     <span class='ocr_line' id='line_1_3' title="bbox 416 1145 1469 1235; baseline -0.006 -21"><span class='ocrx_word' id='word_1_14' title='bbox 416 1150 529 1235; x_wconf 86' lang='lat' dir='ltr'><strong>pulsus</strong></span> <span class='ocrx_word' id='word_1_15' title='bbox 566 1153 626 1226; x_wconf 90' lang='lat' dir='ltr'><strong>est,</strong></span> <span class='ocrx_word' id='word_1_16' title='bbox 659 1152 695 1212; x_wconf 91' lang='lat' dir='ltr'><strong>et</strong></span> <span class='ocrx_word' id='word_1_17' title='bbox 731 1147 842 1234; x_wconf 89' lang='lat' dir='ltr'><strong>plures</strong></span> <span class='ocrx_word' id='word_1_18' title='bbox 870 1147 928 1211; x_wconf 91' lang='lat' dir='ltr'><strong>alii</strong></span> <span class='ocrx_word' id='word_1_19' title='bbox 962 1146 1110 1212; x_wconf 89' lang='lat' dir='ltr'><strong>diversos</strong></span> <span class='ocrx_word' id='word_1_20' title='bbox 1149 1149 1265 1232; x_wconf 89' lang='lat' dir='ltr'><strong>portus</strong></span> <span class='ocrx_word' id='word_1_21' title='bbox 1303 1149 1337 1210; x_wconf 92' lang='lat' dir='ltr'><strong>et</strong></span> <span class='ocrx_word' id='word_1_22' title='bbox 1375 1145 1469 1210; x_wconf 87' lang='lat' dir='ltr'><strong>varia</strong></span> 
     </span>
     <span class='ocr_line' id='line_1_4' title="bbox 414 1247 1470 1337; baseline -0.004 -21"><span class='ocrx_word' id='word_1_23' title='bbox 414 1252 530 1317; x_wconf 88' lang='lat' dir='ltr'><strong>littora</strong></span> <span class='ocrx_word' id='word_1_24' title='bbox 562 1255 675 1337; x_wconf 78' lang='lat' dir='ltr'><strong>petere</strong></span> <span class='ocrx_word' id='word_1_25' title='bbox 710 1255 789 1314; x_wconf 90' lang='lat' dir='ltr'><strong>sunt</strong></span> <span class='ocrx_word' id='word_1_26' title='bbox 820 1249 988 1335; x_wconf 90' lang='lat' dir='ltr'><strong>compulsi.</strong></span> <span class='ocrx_word' id='word_1_27' title='bbox 1047 1248 1092 1313; x_wconf 86' lang='lat' dir='ltr'><strong>Et</strong></span> <span class='ocrx_word' id='word_1_28' title='bbox 1125 1251 1205 1313; x_wconf 90' lang='lat' dir='ltr'><strong>tunc</strong></span> <span class='ocrx_word' id='word_1_29' title='bbox 1239 1247 1372 1333; x_wconf 92' lang='lat' dir='ltr'><strong>quidem</strong></span> <span class='ocrx_word' id='word_1_30' title='bbox 1402 1247 1470 1312; x_wconf 88' lang='lat' dir='ltr'><strong>fuit</strong></span> 
     </span>
     <span class='ocr_line' id='line_1_5' title="bbox 415 1348 1469 1440; baseline -0.007 -20"><span class='ocrx_word' id='word_1_31' title='bbox 415 1353 599 1420; x_wconf 89' lang='lat' dir='ltr'><strong>communis</strong></span> <span class='ocrx_word' id='word_1_32' title='bbox 622 1353 733 1440; x_wconf 92' lang='lat' dir='ltr'><strong>opinio</strong></span> <span class='ocrx_word' id='word_1_33' title='bbox 756 1351 850 1438; x_wconf 81' lang='lat' dir='ltr'><strong>vulgi</strong></span> <span class='ocrx_word' id='word_1_34' title='bbox 870 1351 968 1436; x_wconf 89' lang='lat' dir='ltr'><strong>quod,</strong></span> <span class='ocrx_word' id='word_1_35' title='bbox 984 1351 1247 1436; x_wconf 79' lang='lat' dir='ltr'><strong>quandocunque</strong></span> <span class='ocrx_word' id='word_1_36' title='bbox 1261 1371 1322 1414; x_wconf 84' lang='lat' dir='ltr'><strong>rex</strong></span> <span class='ocrx_word' id='word_1_37' title='bbox 1337 1348 1469 1435; x_wconf 84' lang='lat' dir='ltr'><strong>Angliee</strong></span> 
     </span>
     <span class='ocr_line' id='line_1_6' title="bbox 416 1451 1468 1542; baseline -0.007 -21"><span class='ocrx_word' id='word_1_38' title='bbox 416 1478 554 1542; x_wconf 81' lang='lat' dir='ltr'><strong>regnum</strong></span> <span class='ocrx_word' id='word_1_39' title='bbox 578 1453 728 1519; x_wconf 76' lang='lat' dir='ltr'><strong>Francise</strong></span> <span class='ocrx_word' id='word_1_40' title='bbox 751 1453 922 1540; x_wconf 87' lang='lat' dir='ltr'><strong>quaerebat</strong></span> <span class='ocrx_word' id='word_1_41' title='bbox 944 1453 1101 1539; x_wconf 82' lang='lat' dir='ltr'><strong>impetere</strong></span> <span class='ocrx_word' id='word_1_42' title='bbox 1123 1451 1314 1532; x_wconf 75' lang='lat' dir='ltr'><strong>bellaturus,</strong></span> <span class='ocrx_word' id='word_1_43' title='bbox 1334 1451 1399 1516; x_wconf 93' lang='lat' dir='ltr'><strong>sibi</strong></span> <span class='ocrx_word' id='word_1_44' title='bbox 1420 1451 1468 1514; x_wconf 89' lang='lat' dir='ltr'><strong>fa-</strong></span> 
     </span>
     <span class='ocr_line' id='line_1_7' title="bbox 416 1553 1470 1640; baseline -0.005 -18"><span class='ocrx_word' id='word_1_45' title='bbox 416 1562 533 1622; x_wconf 88' lang='lat' dir='ltr'><strong>verent</strong></span> <span class='ocrx_word' id='word_1_46' title='bbox 555 1563 590 1622; x_wconf 89' lang='lat' dir='ltr'><strong>et</strong></span> <span class='ocrx_word' id='word_1_47' title='bbox 612 1556 830 1621; x_wconf 75' lang='lat' dir='ltr'><strong>subvenirent</strong></span> <span class='ocrx_word' id='word_1_48' title='bbox 853 1555 1035 1635; x_wconf 87' lang='lat' dir='ltr'><strong>elementa;</strong></span> <span class='ocrx_word' id='word_1_49' title='bbox 1057 1555 1114 1620; x_wconf 87' lang='lat' dir='ltr'><strong>sed</strong></span> <span class='ocrx_word' id='word_1_50' title='bbox 1137 1553 1173 1618; x_wconf 92' lang='lat' dir='ltr'><strong>in</strong></span> <span class='ocrx_word' id='word_1_51' title='bbox 1195 1554 1389 1640; x_wconf 81' lang='lat' dir='ltr'><strong>remigando</strong></span> <span class='ocrx_word' id='word_1_52' title='bbox 1405 1553 1470 1618; x_wconf 88' lang='lat' dir='ltr'>sibi</span> 
     </span>
     <span class='ocr_line' id='line_1_8' title="bbox 416 1657 1042 1745; baseline -0.002 -22"><span class='ocrx_word' id='word_1_53' title='bbox 416 1679 544 1745; x_wconf 83' lang='lat' dir='ltr'><strong>semper</strong></span> <span class='ocrx_word' id='word_1_54' title='bbox 567 1663 647 1722; x_wconf 90' lang='lat' dir='ltr'><strong>sunt</strong></span> <span class='ocrx_word' id='word_1_55' title='bbox 669 1657 834 1722; x_wconf 88' lang='lat' dir='ltr'><strong>contraria</strong></span> <span class='ocrx_word' id='word_1_56' title='bbox 857 1663 891 1722; x_wconf 92' lang='lat' dir='ltr'><strong>et</strong></span> <span class='ocrx_word' id='word_1_57' title='bbox 913 1657 1042 1722; x_wconf 87' lang='lat' dir='ltr'><strong>infesta.</strong></span> 
     </span>
    </p>
   </div>
   <div class='ocr_carea' id='block_1_3' title="bbox 418 1883 1469 2179">
    <p class='ocr_par' dir='ltr' id='par_1_3' title="bbox 418 1883 1469 2179">
     <span class='ocr_line' id='line_1_9' title="bbox 418 1883 1469 1976; baseline -0.004 -24"><span class='ocrx_word' id='word_1_58' title='bbox 418 1887 497 1956; x_wconf 78' lang='lat' dir='ltr'><strong>CAP.</strong></span> <span class='ocrx_word' id='word_1_59' title='bbox 522 1889 615 1955; x_wconf 91' lang='lat' dir='ltr'>XXI.</span> <span class='ocrx_word' id='word_1_60' title='bbox 638 1889 688 1954; x_wconf 88' lang='lat' dir='ltr'><strong>De</strong></span> <span class='ocrx_word' id='word_1_61' title='bbox 724 1909 854 1975; x_wconf 67' lang='lat' dir='ltr'><strong>moysea</strong></span> <span class='ocrx_word' id='word_1_62' title='bbox 888 1887 1086 1976; x_wconf 74' lang='lat' dir='ltr'><strong>pestilentia</strong></span> <span class='ocrx_word' id='word_1_63' title='bbox 1122 1895 1151 1955; x_wconf 84' lang='lat' dir='ltr'><strong>ct</strong></span> <span class='ocrx_word' id='word_1_64' title='bbox 1187 1883 1390 1954; x_wconf 71' lang='lat' dir='ltr'><strong>hastiludiis</strong></span> <span class='ocrx_word' id='word_1_65' title='bbox 1425 1883 1469 1950; x_wconf 83' lang='lat' dir='ltr'><strong>ia</strong></span> 
     </span>
     <span class='ocr_line' id='line_1_10' title="bbox 505 1985 1469 2077; baseline -0.007 -19"><span class='ocrx_word' id='word_1_66' title='bbox 505 1991 641 2077; x_wconf 73' lang='lat' dir='ltr'><strong>Aaplio</strong></span> <span class='ocrx_word' id='word_1_67' title='bbox 650 2016 664 2072; x_wconf 85' lang='lat'><strong>,·</strong></span> <span class='ocrx_word' id='word_1_68' title='bbox 687 1990 728 2057; x_wconf 77' lang='lat' dir='ltr'><strong>da</strong></span> <span class='ocrx_word' id='word_1_69' title='bbox 749 1997 846 2058; x_wconf 76' lang='lat' dir='ltr'><strong>tarra</strong></span> <span class='ocrx_word' id='word_1_70' title='bbox 868 1998 990 2069; x_wconf 59' lang='lat' dir='ltr'><strong>natm</strong></span> <span class='ocrx_word' id='word_1_71' title='bbox 1013 1998 1042 2058; x_wconf 84' lang='lat' dir='ltr'><strong>et</strong></span> <span class='ocrx_word' id='word_1_72' title='bbox 1064 2012 1138 2057; x_wconf 78' lang='lat' dir='ltr'><strong>arao</strong></span> <span class='ocrx_word' id='word_1_73' title='bbox 1153 1997 1305 2060; x_wconf 78' lang='lat' dir='ltr'><strong>monstro</strong></span> <span class='ocrx_word' id='word_1_74' title='bbox 1320 1985 1469 2054; x_wconf 82' lang='lat' dir='ltr'><strong>musculi</strong></span> 
     </span>
     <span class='ocr_line' id='line_1_11' title="bbox 507 2093 938 2179; baseline 0.005 -21"><span class='ocrx_word' id='word_1_75' title='bbox 507 2101 536 2160; x_wconf 82' lang='lat' dir='ltr'><strong>et</strong></span> <span class='ocrx_word' id='word_1_76' title='bbox 552 2093 708 2179; x_wconf 78' lang='lat' dir='ltr'><strong>soeraiaoe</strong></span> <span class='ocrx_word' id='word_1_77' title='bbox 729 2093 772 2159; x_wconf 85' lang='lat' dir='ltr'><strong>ia</strong></span> <span class='ocrx_word' id='word_1_78' title='bbox 795 2093 938 2179; x_wconf 74' lang='lat' dir='ltr'><strong>Aaplio.</strong></span> 
     </span>
    </p>
   </div>
   <div class='ocr_carea' id='block_1_4' title="bbox 248 2227 1470 2420">
    <p class='ocr_par' dir='ltr' id='par_1_4' title="bbox 248 2227 1470 2420">
     <span class='ocr_line' id='line_1_12' title="bbox 248 2227 1470 2316; baseline -0.011 -16"><span class='ocrx_word' id='word_1_79' title='bbox 248 2263 388 2315; x_wconf 75' lang='lat' dir='ltr'><strong>Pestilence</strong></span> <span class='ocrx_word' id='word_1_80' title='bbox 462 2229 562 2294; x_wconf 87' lang='lat' dir='ltr'><strong>Anno</strong></span> <span class='ocrx_word' id='word_1_81' title='bbox 578 2229 715 2296; x_wconf 89' lang='lat' dir='ltr'><strong>Domini</strong></span> <span class='ocrx_word' id='word_1_82' title='bbox 738 2235 904 2316; x_wconf 90' lang='lat' dir='ltr'><strong>sequente,</strong></span> <span class='ocrx_word' id='word_1_83' title='bbox 921 2229 1077 2296; x_wconf 86' lang='lat' dir='ltr'><strong>videlicet</strong></span> <span class='ocrx_word' id='word_1_84' title='bbox 1094 2231 1191 2306; x_wconf 81' lang='lat'><strong>1348,</strong></span> <span class='ocrx_word' id='word_1_85' title='bbox 1206 2227 1330 2314; x_wconf 75' lang='lat' dir='ltr'><strong>incepit</strong></span> <span class='ocrx_word' id='word_1_86' title='bbox 1349 2247 1470 2312; x_wconf 87' lang='lat' dir='ltr'><strong>magna</strong></span> 
     </span>
     <span class='ocr_line' id='line_1_13' title="bbox 249 2330 1470 2420; baseline -0.007 -19"><span class='ocrx_word' id='word_1_87' title='bbox 249 2330 361 2380; x_wconf 79' lang='lat' dir='ltr'><strong>⁰f¹³⁴⁸·</strong></span> <span class='ocrx_word' id='word_1_88' title='bbox 416 2333 606 2418; x_wconf 87' lang='lat' dir='ltr'><strong>pestilentia</strong></span> <span class='ocrx_word' id='word_1_89' title='bbox 634 2332 668 2396; x_wconf 90' lang='lat' dir='ltr'><strong>in</strong></span> <span class='ocrx_word' id='word_1_90' title='bbox 693 2332 817 2419; x_wconf 76' lang='lat' dir='ltr'><strong>anglia</strong></span> <span class='ocrx_word' id='word_1_91' title='bbox 829 2357 838 2414; x_wconf 89' lang='lat'>;</span> <span class='ocrx_word' id='word_1_92' title='bbox 862 2338 905 2412; x_wconf 90' lang='lat' dir='ltr'><strong>et,</strong></span> <span class='ocrx_word' id='word_1_93' title='bbox 927 2336 967 2400; x_wconf 89' lang='lat' dir='ltr'><strong>ut</strong></span> <span class='ocrx_word' id='word_1_94' title='bbox 988 2333 1033 2398; x_wconf 85' lang='lat' dir='ltr'><strong>ad</strong></span> <span class='ocrx_word' id='word_1_95' title='bbox 1055 2336 1185 2420; x_wconf 87' lang='lat' dir='ltr'><strong>tempus</strong></span> <span class='ocrx_word' id='word_1_96' title='bbox 1209 2332 1298 2396; x_wconf 91' lang='lat' dir='ltr'><strong>Deus</strong></span> <span class='ocrx_word' id='word_1_97' title='bbox 1320 2345 1470 2416; x_wconf 79' lang='lat' dir='ltr'><strong>parceret</strong></span> 
     </span>
    </p>
   </div>
   <div class='ocr_carea' id='block_1_5' title="bbox 249 2409 1470 2540">
    <p class='ocr_par' dir='ltr' id='par_1_5' title="bbox 249 2409 1470 2540">
     <span class='ocr_line' id='line_1_14' title="bbox 249 2409 1470 2540; baseline -0.007 -37"><span class='ocrx_word' id='word_1_98' title='bbox 249 2409 624 2540; x_wconf 43' lang='lat' dir='ltr'><strong>giffitfff&#39;Christianis,</strong></span> <span class='ocrx_word' id='word_1_99' title='bbox 646 2434 787 2520; x_wconf 83' lang='lat' dir='ltr'><strong>gentiles</strong></span> <span class='ocrx_word' id='word_1_100' title='bbox 818 2435 925 2521; x_wconf 88' lang='lat' dir='ltr'><strong>primo</strong></span> <span class='ocrx_word' id='word_1_101' title='bbox 956 2439 1127 2522; x_wconf 87' lang='lat' dir='ltr'><strong>percutere</strong></span> <span class='ocrx_word' id='word_1_102' title='bbox 1159 2433 1246 2499; x_wconf 84' lang='lat' dir='ltr'><strong>fecit.</strong></span> <span class='ocrx_word' id='word_1_103' title='bbox 1291 2432 1337 2498; x_wconf 86' lang='lat' dir='ltr'><strong>Et</strong></span> <span class='ocrx_word' id='word_1_104' title='bbox 1372 2435 1470 2497; x_wconf 86' lang='lat' dir='ltr'><strong>tanta</strong></span> 
     </span>
    </p>
   </div>
   <div class='ocr_carea' id='block_1_6' title="bbox 248 2534 1469 2624">
    <p class='ocr_par' dir='ltr' id='par_1_6' title="bbox 248 2534 1469 2624">
     <span class='ocr_line' id='line_1_15' title="bbox 248 2534 1469 2624; baseline 0.007 -35"><span class='ocrx_word' id='word_1_105' title='bbox 248 2541 376 2591; x_wconf 71' lang='lat' dir='ltr'><strong>ereccon·</strong></span> <span class='ocrx_word' id='word_1_106' title='bbox 416 2534 482 2600; x_wconf 84' lang='lat' dir='ltr'><strong>fuit</strong></span> <span class='ocrx_word' id='word_1_107' title='bbox 517 2534 703 2600; x_wconf 74' lang='lat' dir='ltr'><strong>mortalitas</strong></span> <span class='ocrx_word' id='word_1_108' title='bbox 733 2535 822 2602; x_wconf 85' lang='lat' dir='ltr'><strong>inter</strong></span> <span class='ocrx_word' id='word_1_109' title='bbox 850 2535 926 2602; x_wconf 94' lang='lat' dir='ltr'><strong>illos</strong></span> <span class='ocrx_word' id='word_1_110' title='bbox 949 2537 1057 2624; x_wconf 89' lang='lat' dir='ltr'><strong>qualis</strong></span> <span class='ocrx_word' id='word_1_111' title='bbox 1079 2557 1251 2623; x_wconf 88' lang='lat' dir='ltr'><strong>nunquam</strong></span> <span class='ocrx_word' id='word_1_112' title='bbox 1274 2534 1469 2600; x_wconf 88' lang='lat' dir='ltr'><strong>antea-visa</strong></span> 
     </span>
    </p>
   </div>
   <div class='ocr_carea' id='block_1_7' title="bbox 248 2607 1470 2734">
    <p class='ocr_par' dir='ltr' id='par_1_7' title="bbox 248 2607 1470 2734">
     <span class='ocr_line' id='line_1_16' title="bbox 248 2607 1470 2734; baseline -0.007 -28"><span class='ocrx_word' id='word_1_113' title='bbox 248 2607 527 2734; x_wconf 41' lang='lat' dir='ltr'><strong>maimedus</strong></span> <span class='ocrx_word' id='word_1_114' title='bbox 558 2637 613 2703; x_wconf 90' lang='lat' dir='ltr'><strong>vel</strong></span> <span class='ocrx_word' id='word_1_115' title='bbox 647 2637 785 2718; x_wconf 82' lang='lat' dir='ltr'><strong>audita3</strong></span> <span class='ocrx_word' id='word_1_116' title='bbox 815 2637 895 2726; x_wconf 90' lang='lat' dir='ltr'><strong>quia</strong></span> <span class='ocrx_word' id='word_1_117' title='bbox 926 2661 985 2726; x_wconf 93' lang='lat' dir='ltr'><strong>per</strong></span> <span class='ocrx_word' id='word_1_118' title='bbox 1017 2639 1201 2704; x_wconf 90' lang='lat' dir='ltr'><strong>humanum</strong></span> <span class='ocrx_word' id='word_1_119' title='bbox 1223 2657 1354 2702; x_wconf 92' lang='lat' dir='ltr'><strong>sensum</strong></span> <span class='ocrx_word' id='word_1_120' title='bbox 1377 2635 1470 2700; x_wconf 92' lang='lat' dir='ltr'><strong>dece-</strong></span> 
     </span>
    </p>
   </div>
   <div class='ocr_carea' id='block_1_8' title="bbox 248 2737 1484 4560">
    <p class='ocr_par' dir='ltr' id='par_1_8' title="bbox 248 2737 1484 4560">
     <span class='ocr_line' id='line_1_17' title="bbox 249 2737 1469 2827; baseline -0.002 -25"><span class='ocrx_word' id='word_1_121' title='bbox 249 2739 404 2791; x_wconf 77' lang='lat' dir='ltr'><strong>whoincline</strong></span> <span class='ocrx_word' id='word_1_122' title='bbox 418 2739 568 2803; x_wconf 89' lang='lat' dir='ltr'><strong>dentium</strong></span> <span class='ocrx_word' id='word_1_123' title='bbox 598 2738 780 2805; x_wconf 88' lang='lat' dir='ltr'><strong>multitudo</strong></span> <span class='ocrx_word' id='word_1_124' title='bbox 810 2761 878 2806; x_wconf 92' lang='lat' dir='ltr'><strong>non</strong></span> <span class='ocrx_word' id='word_1_125' title='bbox 907 2745 1041 2827; x_wconf 88' lang='lat' dir='ltr'><strong>poterat</strong></span> <span class='ocrx_word' id='word_1_126' title='bbox 1068 2762 1205 2806; x_wconf 91' lang='lat' dir='ltr'><strong>numero</strong></span> <span class='ocrx_word' id='word_1_127' title='bbox 1227 2737 1469 2826; x_wconf 88' lang='lat' dir='ltr'><strong>comprehendi,</strong></span> 
     </span>
     <span class='ocr_line' id='line_1_18' title="bbox 248 2809 1470 2930; baseline -0.002 -26"><span class='ocrx_word' id='word_1_128' title='bbox 248 2809 398 2924; x_wconf 52' lang='lat' dir='ltr'><strong>griffi.</strong></span> <span class='ocrx_word' id='word_1_129' title='bbox 418 2841 468 2906; x_wconf 90' lang='lat' dir='ltr'><strong>ita</strong></span> <span class='ocrx_word' id='word_1_130' title='bbox 501 2847 539 2905; x_wconf 90' lang='lat' dir='ltr'><strong>ut</strong></span> <span class='ocrx_word' id='word_1_131' title='bbox 560 2841 703 2928; x_wconf 86' lang='lat' dir='ltr'><strong>gentiles</strong></span> <span class='ocrx_word' id='word_1_132' title='bbox 733 2843 902 2908; x_wconf 88' lang='lat' dir='ltr'><strong>crederent</strong></span> <span class='ocrx_word' id='word_1_133' title='bbox 933 2842 1037 2930; x_wconf 85' lang='lat' dir='ltr'><strong>ipsam</strong></span> <span class='ocrx_word' id='word_1_134' title='bbox 1063 2842 1128 2908; x_wconf 92' lang='lat' dir='ltr'><strong>Dei</strong></span> <span class='ocrx_word' id='word_1_135' title='bbox 1151 2841 1334 2907; x_wconf 82' lang='lat' dir='ltr'><strong>vindictam</strong></span> <span class='ocrx_word' id='word_1_136' title='bbox 1356 2841 1393 2904; x_wconf 91' lang='lat' dir='ltr'><strong>in</strong></span> <span class='ocrx_word' id='word_1_137' title='bbox 1415 2860 1470 2904; x_wconf 90' lang='lat' dir='ltr'><strong>eos</strong></span> 
     </span>
     <span class='ocr_line' id='line_1_19' title="bbox 417 2940 1469 3030; baseline -0.003 -22"><span class='ocrx_word' id='word_1_138' title='bbox 417 2943 573 3022; x_wconf 87' lang='lat' dir='ltr'><strong>evenisse,</strong></span> <span class='ocrx_word' id='word_1_139' title='bbox 589 2964 627 3008; x_wconf 89' lang='lat' dir='ltr'><strong>eo</strong></span> <span class='ocrx_word' id='word_1_140' title='bbox 650 2942 738 3028; x_wconf 93' lang='lat' dir='ltr'><strong>quod</strong></span> <span class='ocrx_word' id='word_1_141' title='bbox 759 2943 859 3010; x_wconf 90' lang='lat' dir='ltr'><strong>fidem</strong></span> <span class='ocrx_word' id='word_1_142' title='bbox 876 2942 1098 3010; x_wconf 75' lang='lat' dir='ltr'><strong>Christianam</strong></span> <span class='ocrx_word' id='word_1_143' title='bbox 1122 2965 1225 3030; x_wconf 88' lang='lat' dir='ltr'><strong>usque</strong></span> <span class='ocrx_word' id='word_1_144' title='bbox 1248 2947 1328 3008; x_wconf 87' lang='lat' dir='ltr'><strong>tunc</strong></span> <span class='ocrx_word' id='word_1_145' title='bbox 1350 2940 1469 3006; x_wconf 90' lang='lat' dir='ltr'><strong>admit·</strong></span> 
     </span>
     <span class='ocr_line' id='line_1_20' title="bbox 418 3044 1468 3132; baseline -0.002 -22"><span class='ocrx_word' id='word_1_146' title='bbox 418 3051 488 3110; x_wconf 91' lang='lat' dir='ltr'><strong>tere</strong></span> <span class='ocrx_word' id='word_1_147' title='bbox 510 3049 787 3132; x_wconf 90' lang='lat' dir='ltr'><strong>contempserunt.</strong></span> <span class='ocrx_word' id='word_1_148' title='bbox 834 3045 979 3131; x_wconf 91' lang='lat' dir='ltr'><strong>Ideoque</strong></span> <span class='ocrx_word' id='word_1_149' title='bbox 1009 3047 1108 3112; x_wconf 88' lang='lat' dir='ltr'><strong>fidem</strong></span> <span class='ocrx_word' id='word_1_150' title='bbox 1133 3045 1257 3111; x_wconf 78' lang='lat' dir='ltr'><strong>Christi</strong></span> <span class='ocrx_word' id='word_1_151' title='bbox 1283 3067 1358 3110; x_wconf 90' lang='lat' dir='ltr'><strong>cum</strong></span> <span class='ocrx_word' id='word_1_152' title='bbox 1387 3044 1468 3130; x_wconf 89' lang='lat' dir='ltr'><strong>bap-</strong></span> 
     </span>
     <span class='ocr_line' id='line_1_21' title="bbox 417 3145 1471 3234; baseline -0.004 -21"><span class='ocrx_word' id='word_1_153' title='bbox 417 3148 517 3213; x_wconf 88' lang='lat' dir='ltr'><strong>tismo</strong></span> <span class='ocrx_word' id='word_1_154' title='bbox 547 3147 692 3234; x_wconf 85' lang='lat' dir='ltr'><strong>accipere</strong></span> <span class='ocrx_word' id='word_1_155' title='bbox 722 3147 945 3214; x_wconf 86' lang='lat' dir='ltr'><strong>decreverunt.</strong></span> <span class='ocrx_word' id='word_1_156' title='bbox 992 3147 1058 3214; x_wconf 87' lang='lat' dir='ltr'><strong>Sed</strong></span> <span class='ocrx_word' id='word_1_157' title='bbox 1088 3147 1178 3234; x_wconf 91' lang='lat' dir='ltr'><strong>prius</strong></span> <span class='ocrx_word' id='word_1_158' title='bbox 1208 3169 1253 3211; x_wconf 88' lang='lat' dir='ltr'><strong>an</strong></span> <span class='ocrx_word' id='word_1_159' title='bbox 1274 3147 1347 3233; x_wconf 90' lang='lat' dir='ltr'><strong>ipsa</strong></span> <span class='ocrx_word' id='word_1_160' title='bbox 1369 3145 1471 3233; x_wconf 89' lang='lat' dir='ltr'><strong>pesti·</strong></span> 
     </span>
     <span class='ocr_line' id='line_1_22' title="bbox 416 3248 1469 3336; baseline -0.001 -22"><span class='ocrx_word' id='word_1_161' title='bbox 416 3249 521 3314; x_wconf 90' lang='lat' dir='ltr'><strong>lentia</strong></span> <span class='ocrx_word' id='word_1_162' title='bbox 541 3249 579 3314; x_wconf 93' lang='lat' dir='ltr'><strong>in</strong></span> <span class='ocrx_word' id='word_1_163' title='bbox 603 3248 856 3316; x_wconf 88' lang='lat' dir='ltr'><strong>Christianismo</strong></span> <span class='ocrx_word' id='word_1_164' title='bbox 887 3249 1114 3315; x_wconf 85' lang='lat' dir='ltr'><strong>exardesceret</strong></span> <span class='ocrx_word' id='word_1_165' title='bbox 1138 3249 1358 3336; x_wconf 81' lang='lat' dir='ltr'><strong>explorantes,</strong></span> <span class='ocrx_word' id='word_1_166' title='bbox 1382 3269 1469 3313; x_wconf 91' lang='lat' dir='ltr'><strong>com·</strong></span> 
     </span>
     <span class='ocr_line' id='line_1_23' title="bbox 416 3349 1470 3437; baseline -0.003 -22"><span class='ocrx_word' id='word_1_167' title='bbox 416 3351 568 3437; x_wconf 88' lang='lat' dir='ltr'><strong>pertique</strong></span> <span class='ocrx_word' id='word_1_168' title='bbox 583 3372 656 3416; x_wconf 90' lang='lat' dir='ltr'><strong>eam</strong></span> <span class='ocrx_word' id='word_1_169' title='bbox 673 3350 878 3416; x_wconf 79' lang='lat' dir='ltr'><strong>Christianos</strong></span> <span class='ocrx_word' id='word_1_170' title='bbox 894 3351 1043 3437; x_wconf 90' lang='lat' dir='ltr'><strong>undique</strong></span> <span class='ocrx_word' id='word_1_171' title='bbox 1059 3351 1262 3428; x_wconf 87' lang='lat' dir='ltr'><strong>contrivisse,</strong></span> <span class='ocrx_word' id='word_1_172' title='bbox 1277 3351 1314 3414; x_wconf 93' lang='lat' dir='ltr'><strong>in</strong></span> <span class='ocrx_word' id='word_1_173' title='bbox 1328 3349 1470 3436; x_wconf 83' lang='lat' dir='ltr'><strong>pristina</strong></span> 
     </span>
     <span class='ocr_line' id='line_1_24' title="bbox 418 3450 1470 3538; baseline -0.001 -22"><span class='ocrx_word' id='word_1_174' title='bbox 418 3451 598 3516; x_wconf 78' lang='lat' dir='ltr'><strong>obstinacia</strong></span> <span class='ocrx_word' id='word_1_175' title='bbox 627 3450 751 3516; x_wconf 87' lang='lat' dir='ltr'><strong>residui</strong></span> <span class='ocrx_word' id='word_1_176' title='bbox 777 3450 1022 3537; x_wconf 86' lang='lat' dir='ltr'><strong>perdurarunt.¹</strong></span> <span class='ocrx_word' id='word_1_177' title='bbox 1067 3452 1122 3517; x_wconf 90' lang='lat' dir='ltr'><strong>Ab</strong></span> <span class='ocrx_word' id='word_1_178' title='bbox 1144 3452 1211 3517; x_wconf 91' lang='lat' dir='ltr'><strong>illis</strong></span> <span class='ocrx_word' id='word_1_179' title='bbox 1234 3451 1367 3538; x_wconf 92' lang='lat' dir='ltr'><strong>quidem</strong></span> <span class='ocrx_word' id='word_1_180' title='bbox 1390 3451 1470 3516; x_wconf 86' lang='lat' dir='ltr'><strong>locis</strong></span> 
     </span>
     <span class='ocr_line' id='line_1_25' title="bbox 417 3551 1470 3640; baseline 0 -24"><span class='ocrx_word' id='word_1_181' title='bbox 417 3553 462 3616; x_wconf 89' lang='lat' dir='ltr'><strong>cis</strong></span> <span class='ocrx_word' id='word_1_182' title='bbox 486 3573 575 3616; x_wconf 87' lang='lat' dir='ltr'><strong>mare</strong></span> <span class='ocrx_word' id='word_1_183' title='bbox 599 3551 751 3617; x_wconf 82' lang='lat' dir='ltr'><strong>Graeoum</strong></span> <span class='ocrx_word' id='word_1_184' title='bbox 773 3551 913 3637; x_wconf 82' lang='lat' dir='ltr'><strong>praefata</strong></span> <span class='ocrx_word' id='word_1_185' title='bbox 936 3554 1129 3640; x_wconf 89' lang='lat' dir='ltr'><strong>pestilentia</strong></span> <span class='ocrx_word' id='word_1_186' title='bbox 1151 3555 1240 3618; x_wconf 88' lang='lat' dir='ltr'><strong>inter</strong></span> <span class='ocrx_word' id='word_1_187' title='bbox 1263 3552 1470 3618; x_wconf 88' lang='lat' dir='ltr'><strong>Christianos</strong></span> 
     </span>
     <span class='ocr_line' id='line_1_26' title="bbox 416 3652 1469 3743; baseline 0.003 -25"><span class='ocrx_word' id='word_1_188' title='bbox 416 3654 572 3740; x_wconf 86' lang='lat' dir='ltr'><strong>ingresse,</strong></span> <span class='ocrx_word' id='word_1_189' title='bbox 597 3652 732 3718; x_wconf 86' lang='lat' dir='ltr'><strong>Italiam</strong></span> <span class='ocrx_word' id='word_1_190' title='bbox 766 3659 801 3719; x_wconf 92' lang='lat' dir='ltr'><strong>et</strong></span> <span class='ocrx_word' id='word_1_191' title='bbox 823 3659 933 3720; x_wconf 89' lang='lat' dir='ltr'><strong>totum</strong></span> <span class='ocrx_word' id='word_1_192' title='bbox 954 3678 1094 3743; x_wconf 87' lang='lat' dir='ltr'><strong>regnum</strong></span> <span class='ocrx_word' id='word_1_193' title='bbox 1118 3655 1267 3722; x_wconf 82' lang='lat' dir='ltr'><strong>Franoiae</strong></span> <span class='ocrx_word' id='word_1_194' title='bbox 1290 3655 1469 3742; x_wconf 87' lang='lat' dir='ltr'><strong>corripiens</strong></span> 
     </span>
     <span class='ocr_line' id='line_1_27' title="bbox 417 3754 1467 3842; baseline 0.001 -22"><span class='ocrx_word' id='word_1_195' title='bbox 417 3760 452 3820; x_wconf 92' lang='lat' dir='ltr'><strong>et</strong></span> <span class='ocrx_word' id='word_1_196' title='bbox 467 3754 623 3842; x_wconf 86' lang='lat' dir='ltr'><strong>affligens,</strong></span> <span class='ocrx_word' id='word_1_197' title='bbox 632 3755 669 3820; x_wconf 91' lang='lat' dir='ltr'><strong>in</strong></span> <span class='ocrx_word' id='word_1_198' title='bbox 680 3755 876 3822; x_wconf 86' lang='lat' dir='ltr'><strong>Vasconiam</strong></span> <span class='ocrx_word' id='word_1_199' title='bbox 892 3757 1081 3824; x_wconf 89' lang='lat' dir='ltr'><strong>declinavit.</strong></span> <span class='ocrx_word' id='word_1_200' title='bbox 1128 3759 1256 3824; x_wconf 87' lang='lat' dir='ltr'><strong>Deinde</strong></span> <span class='ocrx_word' id='word_1_201' title='bbox 1272 3757 1467 3824; x_wconf 87' lang='lat' dir='ltr'><strong>Hibemiam</strong></span> 
     </span>
     <span class='ocr_line' id='line_1_28' title="bbox 417 3857 1484 3947; baseline 0.003 -25"><span class='ocrx_word' id='word_1_202' title='bbox 417 3861 452 3924; x_wconf 90' lang='lat' dir='ltr'><strong>et</strong></span> <span class='ocrx_word' id='word_1_203' title='bbox 474 3857 637 3936; x_wconf 88' lang='lat' dir='ltr'><strong>Walliam,</strong></span> <span class='ocrx_word' id='word_1_204' title='bbox 660 3861 761 3944; x_wconf 87' lang='lat' dir='ltr'><strong>atque</strong></span> <span class='ocrx_word' id='word_1_205' title='bbox 792 3863 873 3924; x_wconf 92' lang='lat' dir='ltr'><strong>tunc</strong></span> <span class='ocrx_word' id='word_1_206' title='bbox 906 3860 996 3946; x_wconf 89' lang='lat' dir='ltr'><strong>apud</strong></span> <span class='ocrx_word' id='word_1_207' title='bbox 1020 3859 1235 3946; x_wconf 89' lang='lat' dir='ltr'><strong>Brystolliam</strong></span> <span class='ocrx_word' id='word_1_208' title='bbox 1266 3861 1339 3947; x_wconf 86' lang='lat' dir='ltr'><strong>ipsa</strong></span> <span class='ocrx_word' id='word_1_209' title='bbox 1368 3860 1484 3947; x_wconf 74' lang='lat' dir='ltr'><strong>pesti·=</strong></span> 
     </span>
     <span class='ocr_line' id='line_1_29' title="bbox 418 3959 1469 4049; baseline 0.004 -26"><span class='ocrx_word' id='word_1_210' title='bbox 418 3959 523 4024; x_wconf 89' lang='lat' dir='ltr'><strong>lentia</strong></span> <span class='ocrx_word' id='word_1_211' title='bbox 540 3959 697 4046; x_wconf 83' lang='lat' dir='ltr'><strong>Angliam</strong></span> <span class='ocrx_word' id='word_1_212' title='bbox 720 3965 771 4026; x_wconf 88' lang='lat' dir='ltr'><strong>est</strong></span> <span class='ocrx_word' id='word_1_213' title='bbox 792 3961 948 4048; x_wconf 86' lang='lat' dir='ltr'><strong>ingressa</strong></span> <span class='ocrx_word' id='word_1_214' title='bbox 997 3961 1043 4028; x_wconf 86' lang='lat' dir='ltr'><strong>Et</strong></span> <span class='ocrx_word' id='word_1_215' title='bbox 1065 3967 1199 4028; x_wconf 90' lang='lat' dir='ltr'><strong>tantum</strong></span> <span class='ocrx_word' id='word_1_216' title='bbox 1221 3963 1258 4027; x_wconf 90' lang='lat' dir='ltr'><strong>in</strong></span> <span class='ocrx_word' id='word_1_217' title='bbox 1280 3961 1403 4049; x_wconf 86' lang='lat' dir='ltr'><strong>Anglia</strong></span> <span class='ocrx_word' id='word_1_218' title='bbox 1425 3962 1469 4027; x_wconf 90' lang='lat' dir='ltr'><strong>ad</strong></span> 
     </span>
     <span class='ocr_line' id='line_1_30' title="bbox 416 4061 1470 4152; baseline 0.005 -26"><span class='ocrx_word' id='word_1_219' title='bbox 416 4066 548 4148; x_wconf 88' lang='lat' dir='ltr'><strong>tempus</strong></span> <span class='ocrx_word' id='word_1_220' title='bbox 585 4061 828 4141; x_wconf 86' lang='lat' dir='ltr'><strong>dominabatur,</strong></span> <span class='ocrx_word' id='word_1_221' title='bbox 860 4063 932 4130; x_wconf 86' lang='lat' dir='ltr'><strong>vivi</strong></span> <span class='ocrx_word' id='word_1_222' title='bbox 970 4065 1165 4152; x_wconf 87' lang='lat' dir='ltr'><strong>superstites</strong></span> <span class='ocrx_word' id='word_1_223' title='bbox 1201 4064 1245 4130; x_wconf 91' lang='lat' dir='ltr'><strong>ad</strong></span> <span class='ocrx_word' id='word_1_224' title='bbox 1282 4064 1470 4151; x_wconf 86' lang='lat' dir='ltr'><strong>sepelienda</strong></span> 
     </span>
     <span class='ocr_line' id='line_1_31' title="bbox 417 4163 1470 4264; baseline 0.004 -36"><span class='ocrx_word' id='word_1_225' title='bbox 417 4183 551 4250; x_wconf 88' lang='lat' dir='ltr'><strong>corpora</strong></span> <span class='ocrx_word' id='word_1_226' title='bbox 573 4168 777 4230; x_wconf 88' lang='lat' dir='ltr'><strong>mortuorum</strong></span> <span class='ocrx_word' id='word_1_227' title='bbox 800 4170 835 4230; x_wconf 91' lang='lat' dir='ltr'><strong>et</strong></span> <span class='ocrx_word' id='word_1_228' title='bbox 858 4163 1019 4244; x_wconf 79' lang='lat' dir='ltr'><strong>cimiteria</strong></span> <span class='ocrx_word' id='word_1_229' title='bbox 1048 4167 1192 4253; x_wconf 90' lang='lat' dir='ltr'><strong>plurima</strong></span> <span class='ocrx_word' id='word_1_230' title='bbox 1214 4167 1256 4232; x_wconf 94' lang='lat' dir='ltr'><strong>ad</strong></span> <span class='ocrx_word' id='word_1_231' title='bbox 1279 4167 1353 4264; x_wconf 86' lang='lat' dir='ltr'><strong>ipsa</strong></span> <span class='ocrx_word' id='word_1_232' title='bbox 1375 4167 1470 4232; x_wconf 85' lang='lat' dir='ltr'><strong>cada·</strong></span> 
     </span>
     <span class='ocr_line' id='line_1_32' title="bbox 416 4265 1469 4334; baseline 0.005 -6"><span class='ocrx_word' id='word_1_233' title='bbox 416 4285 496 4328; x_wconf 88' lang='lat' dir='ltr'><strong>vera</strong></span> <span class='ocrx_word' id='word_1_234' title='bbox 529 4265 737 4331; x_wconf 89' lang='lat' dir='ltr'><strong>recondenda</strong></span> <span class='ocrx_word' id='word_1_235' title='bbox 773 4265 834 4331; x_wconf 87' lang='lat' dir='ltr'><strong>vix</strong></span> <span class='ocrx_word' id='word_1_236' title='bbox 865 4265 1078 4333; x_wconf 89' lang='lat' dir='ltr'><strong>sufficiebant.</strong></span> <span class='ocrx_word' id='word_1_237' title='bbox 1136 4267 1210 4334; x_wconf 88' lang='lat' dir='ltr'><strong>Hoc</strong></span> <span class='ocrx_word' id='word_1_238' title='bbox 1243 4275 1357 4334; x_wconf 90' lang='lat' dir='ltr'><strong>tamen</strong></span> <span class='ocrx_word' id='word_1_239' title='bbox 1388 4272 1469 4333; x_wconf 91' lang='lat' dir='ltr'><strong>tunc</strong></span> 
     </span>
     <span class='ocr_line' id='line_1_33' title="bbox 416 4366 1469 4457; baseline 0.004 -27"><span class='ocrx_word' id='word_1_240' title='bbox 416 4366 575 4452; x_wconf 89' lang='lat' dir='ltr'><strong>temporis</strong></span> <span class='ocrx_word' id='word_1_241' title='bbox 597 4367 744 4452; x_wconf 87' lang='lat' dir='ltr'><strong>providit</strong></span> <span class='ocrx_word' id='word_1_242' title='bbox 767 4368 865 4448; x_wconf 84' lang='lat' dir='ltr'><strong>Deus,</strong></span> <span class='ocrx_word' id='word_1_243' title='bbox 889 4372 929 4434; x_wconf 88' lang='lat' dir='ltr'><strong>ut</strong></span> <span class='ocrx_word' id='word_1_244' title='bbox 951 4370 988 4434; x_wconf 92' lang='lat' dir='ltr'><strong>in</strong></span> <span class='ocrx_word' id='word_1_245' title='bbox 1010 4369 1090 4436; x_wconf 88' lang='lat' dir='ltr'><strong>locis</strong></span> <span class='ocrx_word' id='word_1_246' title='bbox 1112 4369 1277 4457; x_wconf 89' lang='lat' dir='ltr'><strong>plerisque</strong></span> <span class='ocrx_word' id='word_1_247' title='bbox 1298 4369 1469 4457; x_wconf 85' lang='lat' dir='ltr'><strong>capellani,</strong></span> 
     </span>
     <span class='ocr_line' id='line_1_34' title="bbox 416 4469 1469 4560; baseline 0.005 -28"><span class='ocrx_word' id='word_1_248' title='bbox 416 4473 551 4554; x_wconf 85' lang='lat' dir='ltr'><strong>propter</strong></span> <span class='ocrx_word' id='word_1_249' title='bbox 580 4469 735 4555; x_wconf 83' lang='lat' dir='ltr'><strong>exequias</strong></span> <span class='ocrx_word' id='word_1_250' title='bbox 768 4477 849 4536; x_wconf 88' lang='lat' dir='ltr'><strong>tunc</strong></span> <span class='ocrx_word' id='word_1_251' title='bbox 883 4471 1121 4554; x_wconf 91' lang='lat' dir='ltr'><strong>decedentium,</strong></span> <span class='ocrx_word' id='word_1_252' title='bbox 1152 4495 1257 4560; x_wconf 91' lang='lat' dir='ltr'><strong>usque</strong></span> <span class='ocrx_word' id='word_1_253' title='bbox 1291 4473 1334 4538; x_wconf 90' lang='lat' dir='ltr'><strong>ad</strong></span> <span class='ocrx_word' id='word_1_254' title='bbox 1368 4473 1469 4538; x_wconf 88' lang='lat' dir='ltr'><strong>finem</strong></span> 
     </span>
    </p>
   </div>
   <div class='ocr_carea' id='block_1_9' title="bbox 414 4663 1469 4806">
    <p class='ocr_par' dir='ltr' id='par_1_9' title="bbox 414 4663 1469 4806">
     <span class='ocr_line' id='line_1_35' title="bbox 414 4663 1469 4795; baseline 0.01 -82"><span class='ocrx_word' id='word_1_255' title='bbox 414 4741 434 4795; x_wconf 69' lang='lat' dir='ltr'>s</span> <span class='ocrx_word' id='word_1_256' title='bbox 451 4663 458 4696; x_wconf 89' lang='lat'>¹</span> <span class='ocrx_word' id='word_1_257' title='bbox 476 4665 588 4716; x_wconf 86' lang='lat' dir='ltr'><strong>Mention</strong></span> <span class='ocrx_word' id='word_1_258' title='bbox 601 4666 647 4717; x_wconf 85' lang='lat' dir='ltr'><strong>has</strong></span> <span class='ocrx_word' id='word_1_259' title='bbox 658 4667 758 4732; x_wconf 78' lang='lat' dir='ltr'><strong>already</strong></span> <span class='ocrx_word' id='word_1_260' title='bbox 770 4670 834 4720; x_wconf 86' lang='lat' dir='ltr'><strong>been</strong></span> <span class='ocrx_word' id='word_1_261' title='bbox 845 4671 918 4720; x_wconf 87' lang='lat' dir='ltr'><strong>made</strong></span> <span class='ocrx_word' id='word_1_262' title='bbox 929 4669 958 4722; x_wconf 84' lang='lat' dir='ltr'><strong>of</strong></span> <span class='ocrx_word' id='word_1_263' title='bbox 974 4670 1016 4721; x_wconf 82' lang='lat' dir='ltr'><strong>the</strong></span> <span class='ocrx_word' id='word_1_264' title='bbox 1027 4671 1163 4736; x_wconf 81' lang='lat' dir='ltr'><strong>pestileuce</strong></span> <span class='ocrx_word' id='word_1_265' title='bbox 1174 4673 1224 4724; x_wconf 89' lang='lat' dir='ltr'><strong>and</strong></span> <span class='ocrx_word' id='word_1_266' title='bbox 1235 4671 1264 4722; x_wconf 88' lang='lat' dir='ltr'><strong>of</strong></span> <span class='ocrx_word' id='word_1_267' title='bbox 1278 4671 1328 4722; x_wconf 84' lang='lat' dir='ltr'><strong>this</strong></span> <span class='ocrx_word' id='word_1_268' title='bbox 1339 4671 1469 4724; x_wconf 80' lang='lat' dir='ltr'><strong>anecdota</strong></span> 
     </span>
     <span class='ocr_line' id='line_1_36' title="bbox 435 4751 552 4806; baseline 0 -13"><span class='ocrx_word' id='word_1_269' title='bbox 435 4758 463 4793; x_wconf 84' lang='lat' dir='ltr'><strong>ee</strong></span> <span class='ocrx_word' id='word_1_270' title='bbox 474 4758 499 4806; x_wconf 84' lang='lat' dir='ltr'><strong>p.</strong></span> <span class='ocrx_word' id='word_1_271' title='bbox 511 4751 552 4794; x_wconf 75' lang='lat' dir='ltr'><strong>so.</strong></span> 
     </span>
    </p>
   </div>
   <div class='ocr_carea' id='block_1_10' title="bbox 0 0 1815 5890">
    <p class='ocr_par' dir='ltr' id='par_1_10' title="bbox 0 0 1815 5890">
     <span class='ocr_line' id='line_1_37' title="bbox 0 0 1815 5890; baseline 0 0"><span class='ocrx_word' id='word_1_272' title='bbox 0 0 1815 5890; x_wconf 95' lang='lat' dir='ltr'><strong> </strong></span> 
     </span>
    </p>
   </div>
  </div>
 </body>
</html>
