3578 5874
459 875 524 938 250
687 883 824 936 recusa
846 884 956 936 sauss
978 885 1097 936 sorus
1119 885 1282 936 oremus.

288 1073 359 1126 AD.
373 1079 436 1128 lass
458 1061 593 1128 decimae
614 1061 819 1142 advenirent,
843 1083 930 1128 more
963 1061 1150 1138 immature,
1175 1083 1252 1147 quas
1281 1060 1506 1148 uraugiensi

288 1146 381 1194 '¹³⁹⁹'
457 1165 563 1250 parcit
601 1185 662 1230 nec
698 1161 880 1252 dignitati,1
906 1163 1082 1249 prestetum
1116 1164 1287 1230 dominum
1324 1164 1506 1230 Robertum

289 1221 408 1340 hchdddl'
458 1267 738 1355 archiepiseopum
782 1265 940 1352 rapiebat.
1002 1265 1102 1332 Unde
1143 1265 1301 1352 praefatus
1338 1267 1427 1352 prior
1464 1267 1505 1332 de

288 1357 446 1472 ffifflhbt
459 1369 606 1436 Wartria
624 1391 663 1434 ·a
700 1367 889 1434 collectione
927 1367 1119 1434 medietatis
1156 1368 1293 1434 decimes
1338 1368 1506 1455 predicta

290 1471 638 1564 arcemn-prelibatis
660 1471 809 1536 terminis
831 1470 1041 1555 supersedit3
1074 1470 1125 1534 ita
1146 1475 1186 1534 ut
1207 1491 1267 1536 nos
1289 1469 1332 1536 ab
1354 1470 1506 1537 ulteriori

290 1554 386 1619 ΜΡ·
457 1574 684 1662 prosecutione
706 1572 809 1658 ipsius
831 1571 959 1658 negotii
981 1573 1025 1637 ad
1048 1577 1178 1658 tempus
1199 1593 1396 1640 vacaremus
1441 1573 1507 1640 Sed

290 1701 379 1768 2151,
458 1698 532 1742 cum
565 1675 722 1762 praefatus
756 1674 908 1740 dominus
931 1673 1097 1740 Robertus
1120 1675 1393 1762 archiepiscopus,
1426 1676 1506 1742 dum

290 1781 347 1833 The
357 1783 421 1849 king
458 1782 621 1866 superstes
655 1777 819 1856 existeret,
843 1778 984 1842 necdum
1018 1778 1155 1865 praefato
1187 1778 1321 1844 domino
1355 1779 1425 1866 regi
1448 1779 1507 1844 Ri-

288 1852 436 1968 ξζζᾞὼ
459 1882 556 1948 cardo
578 1887 637 1946 aut
661 1880 731 1966 ejus
746 1879 903 1946 scaccario
927 1879 968 1944 de
990 1881 1195 1945 concessione
1215 1879 1364 1966 praefatae
1387 1880 1506 1946 medic-

292 1984 442 2050 mchbishop
458 1984 539 2052 tatis
575 1996 644 2050 κω.
677 1988 737 2050 aut
775 1982 845 2067 ejus
883 1981 1130 2048 conditionibus
1166 1981 1222 2048 vel
1259 1983 1506 2070 exceptiombus

290 2058 434 2169 {gfffi’ffie
458 2087 706 2173 quibuscunque
744 2089 888 2150 curasset
931 2083 1119 2163 certificare,
1158 2106 1197 2149 ec
1235 2085 1323 2170 quod
1361 2091 1505 2173 speraret

290 2187 408 2262 proceec-
457 2192 598 2276 seipsum
634 2187 807 2274 pecuniam
828 2185 1004 2252 levandam
1027 2186 1125 2252 dictae
1146 2187 1336 2254 medietatis
1359 2188 1503 2269 decimae,

287 2251 445 2380 ῗξὶἵὲῑξξὲ
456 2315 515 2378 pro
537 2313 572 2358 se
595 2297 628 2356 et
650 2290 724 2356 ahie
756 2287 901 2374 praelatis
935 2296 969 2352 et
992 2289 1077 2354 clero
1107 2311 1176 2356 sure
1198 2290 1386 2376 provinciae,
1410 2291 1503 2377 qussi

289 2385 401 2451 ⁵¹¹b⁸³dy·
455 2395 492 2460 in
515 2393 653 2479 speciale
683 2392 808 2457 donum
830 2391 884 2458 vel
911 2390 1089 2456 exennium
1112 2391 1249 2477 praesato
1282 2393 1414 2460 domino
1436 2393 1505 2481 regi

456 2500 692 2584 perrecturum,
716 2493 786 2579 ejus
817 2499 923 2558 morte
957 2497 996 2558 ut
1030 2494 1246 2580 praemittitur
1267 2497 1500 2581 praeveniente,

455 2620 514 2664 rex
536 2599 615 2684 ipse,
638 2597 784 2662 incertus
819 2596 860 2661 de
883 2595 1089 2662 concessione
1111 2601 1145 2662 et
1167 2597 1412 2664 conditionibus
1441 2604 1502 2664 aut

456 2699 705 2788 exceptionibus
747 2698 935 2764 medietatis
980 2698 1115 2764 decimae
1157 2700 1362 2786 supradictae,
1401 2701 1502 2768 breve

456 2803 623 2890 quoddam
656 2801 821 2888 dirigebat
852 2799 985 2866 domino
1018 2799 1160 2866 Ricardo
1190 2801 1311 2890 Scrope
1344 2803 1503 2889 archiepi-

456 2927 561 2992 scope,
599 2904 729 2992 praefati
767 2903 893 2970 domini
936 2901 1074 2968 Roberti
1110 2903 1147 2968 in
1190 2903 1267 2972 sede
1304 2904 1502 2972 Eboracensi

456 3007 646 3074 immediate
676 3007 858 3083 successori,
882 3005 1050 3092 quatinus,
1072 3011 1220 3072 scrutato
1249 3008 1390 3094 registro
1420 3031 1502 3095 prm-

456 3111 518 3176 fati
549 3108 675 3176 domini
709 3108 847 3174 Roberti
880 3108 1124 3194 praedecessoris
1158 3110 1219 3186 sui,
1250 3109 1291 3176 de
1324 3111 1430 3176 formo
1467 3117 1502 3177 et

456 3214 660 3280 concessione
710 3211 809 3278 dictae
855 3209 1043 3276 medietatis
1088 3210 1221 3277 decimae
1268 3233 1343 3280 suas
1390 3213 1502 3280 literae

455 3317 680 3382 transmittere
714 3335 782 3378 non
815 3313 971 3380 tardaret.
1019 3311 1119 3378 Unde
1156 3313 1312 3399 praefatus
1350 3317 1501 3382 dominus

456 3419 616 3484 Ricardus
639 3416 898 3502 archiepiscopus
921 3415 1032 3482 literas
1055 3437 1140 3496 suas,
1163 3417 1279 3484 seriem
1305 3423 1339 3484 ct
1362 3417 1500 3486 formam

453 3521 601 3606 praefatae
624 3517 839 3584 concessionis
868 3517 1085 3596 continentes,
1109 3518 1246 3604 prsefato
1272 3520 1406 3588 domino
1429 3521 1499 3608 regi

286 3631 422 3693 Noomin
454 3621 595 3687 Ricardo
626 3621 865 3698 transmiserat,
904 3620 1123 3698 certificando,
1156 3621 1244 3686 inter
1278 3627 1405 3701 caeters,
1436 3623 1499 3690 sub

286 3699 434 3814 fflfflm'
454 3725 514 3790 hac
528 3721 873 3809 formed-“exeeptis
888 3744 1038 3807 expresse
1054 3728 1089 3788 et
1103 3723 1314 3809 specialiter,”
1324 3731 1358 3792 et
1373 3732 1499 3804 cratera,

285 3781 416 3910 concili
454 3833 471 3862 “
494 3832 529 3892 et
560 3827 660 3892 etiam
692 3825 788 3891 terris
827 3830 861 3890 et
893 3825 1150 3911 possessionibus
1174 3847 1231 3911 per
1264 3827 1498 3894 inundationes

285 3899 430 4015 {fgffh'
454 3935 471 3966 “
494 3929 602 4008 meris,
634 3928 818 4004 Humbriae‚
841 3933 876 3994 et
908 3927 1047 3992 aliorum
1080 3927 1258 3994 fluviorum
1290 3930 1326 3994 in
1359 3929 1500 3996 Holder·

286 4032 433 4097 sooyeasy
452 4035 469 4066 “
491 4048 583 4092 nesse
621 4032 655 4092 et
694 4025 894 4102 Merskland
932 4025 975 4090 ad
1011 4025 1182 4092 dominum
1223 4027 1499 4115 archiepiscopum

286 4097 373 4148 Μ’
452 4139 470 4168 “
494 4130 738 4207 Eboracensem,
762 4127 806 4194 ad
837 4128 1037 4193 monasteria
1058 4129 1170 4196 Baatte
1198 4129 1311 4195 Mariae
1338 4129 1500 4209 Eboraci,8

453 4239 471 4266 “
495 4232 610 4298 Sancti
634 4231 789 4296 Germani
811 4231 854 4294 ad
876 4229 985 4315 Selby,
1010 4230 1142 4298 Sanotae
1166 4231 1281 4298 Marim
1304 4233 1345 4300 de
1368 4232 1499 4312 Melea,”

452 4342 486 4401 et
509 4340 634 4412 caetera,
651 4332 904 4420 “spectantibus
927 4333 1268 4421 consumptis;'super
1290 4339 1324 4402 et
1346 4336 1387 4402 de
1410 4336 1501 4422 qua⁴

486 4675 564 4739 ¹quoe
582 4713 588 4724 .
605 4713 611 4724 .
631 4709 637 4723 .
654 4671 786 4738 diqaitutc]
800 4671 882 4722 notin
893 4671 921 4720 Ε.
998 4673 1013 4698 “
1031 4670 1164 4720 Eboraci'’
1193 4671 1340 4722 anderlined
1362 4687 1390 4722 ns
1412 4671 1438 4721 ii
1460 4671 1500 4722 sor

485 4755 495 4786 ²
513 4755 568 4803 The
580 4753 658 4802 entire
670 4751 727 4800 writ
738 4751 759 4799 is
770 4751 864 4800 recited
875 4749 901 4797 in
912 4749 941 4798 R
997 4764 1104 4808 erasure,
1117 4749 1174 4800 MS.

485 4832 636 4895 ³Ehoraci]
673 4832 801 4880 corrected
828 4829 891 4878 from
921 4829 951 4877 dc
1030 4827 1120 4894 ⁴quo]
1140 4831 1257 4894 repeated
1268 4829 1294 4879 in
1306 4829 1360 4881 ΜΒ.

452 4911 522 4973 Mel,
533 4912 578 4960 but
589 4911 632 4960 the
643 4911 725 4960 words
742 4910 844 4960 “beata
860 4907 950 4958 Mariae
971 4849 976 4975 i
