3610 5890
560 905 660 954 nuno
684 903 791 952 aaran
815 903 968 964 Qurnrus
991 903 1153 976 uncinus,
1335 889 1374 950 41.

329 1102 464 1147 unorum
503 1079 615 1158 fretus,
648 1079 683 1142 in
716 1099 825 1142 mense
856 1076 1042 1163 Septembri
1077 1076 1218 1163 patriam
1252 1076 1378 1141 Kamu·
1392 1088 1461 1141 AJ).
1475 1093 1547 1139 1³³9.

331 1183 491 1248 bresmam
514 1187 674 1257 vocatam,
689 1202 763 1266 quae
779 1179 819 1244 de
835 1177 981 1243 dominio
998 1178 1205 1265 imperatoris
1225 1179 1380 1244 Aleman-
1393 1167 1520 1298 gfff}

330 1286 395 1352 nice
417 1281 491 1362 fuit',
521 1283 557 1348 in
589 1282 730 1348 confinio
764 1280 902 1368 imperii,
931 1286 965 1345 et
998 1302 1057 1366 per
1087 1303 1199 1370 regem
1232 1281 1380 1348 Franciae
1394 1299 1462 1365 Sept
1522 1271 1529 1295 ’

331 1387 445 1453 illicite
482 1392 564 1451 tnnc
602 1389 804 1472 occupatam,
842 1383 1016 1448 incendere
1055 1385 1177 1450 statuit
1209 1407 1246 1449 ac
1280 1385 1411 1450 etiamr.
1426 1391 1506 1443 ¹³2t.

330 1489 476 1575 spoliare.
522 1488 568 1553 Et
599 1486 718 1553 deinde
751 1486 840 1551 infra
873 1507 1012 1574 regnum
1044 1485 1192 1553 Franciae
1219 1492 1325 1552 cestra
1348 1495 1382 1551 et

330 1591 426 1656 villas
451 1595 618 1678 ceperunt,
647 1589 791 1676 patriam
823 1588 1045 1665 incendentes,
1069 1595 1104 1654 et
1127 1611 1239 1655 versus
1271 1611 1380 1676 regem

332 1692 478 1759 Francius
499 1693 536 1757 in
558 1691 701 1758 confinio
725 1689 901 1768 Hanoniae,
924 1691 962 1755 in
988 1691 1095 1776 patric
1117 1697 1236 1756 vocata
1258 1691 1527 1778 Tereysseekatne

330 1799 366 1860 et
388 1795 530 1882 Pyrene,
553 1793 613 1859 ubi
642 1793 814 1880 Philippus
845 1794 886 1858 de
909 1791 1040 1858 Valerio
1073 1815 1132 1858 rex
1167 1793 1316 1860 Franciae
1345 1767 1530 1888 inkrlllrelsin

332 1897 467 1984 decuplo
490 1897 604 1985 populi
626 1917 726 1982 quem
755 1916 813 1960 rex
837 1895 968 1992 Angliae
998 1895 1159 1961 habuerat
1181 1897 1528 1978 morabaturffleraohe.

332 2001 427 2066 villas
453 2004 489 2064 et
518 2004 627 2065 castra
658 1997 766 2063 indies
799 1997 1051 2076 succendebant,
1076 2003 1114 2063 ut
1148 2019 1186 2063 eo
1219 1999 1290 2085 ipso
1323 2020 1383 2064 rex
1394 1969 1505 2087 32?

334 2102 516 2168 Edwardus
539 2101 731 2188 Philippum
753 2099 797 2165 ad
820 2121 965 2187 pugnarn
987 2099 1095 2166 acrius
1117 2101 1284 2166 excitaret.
1330 2100 1383 2166 Ibi
1395 2117 1505 2184 Knights
1516 2119 1546 2169 of

334 2204 444 2282 etiam,
475 2204 617 2290 quadam
651 2203 712 2280 die,
735 2208 848 2277 turma
879 2201 1025 2268 anterior
1059 2201 1215 2267 Edwardi
1233 2207 1382 2270 ‚tuntum
1394 2185 1515 2238 menam.

334 2306 507 2372 suscitavit
528 2305 704 2372 clamorem
734 2304 878 2391 leporem
906 2304 1064 2391 agitando
1093 2304 1182 2390 quod
1211 2303 1383 2392 Philippus

333 2409 402 2495 ipse
424 2408 565 2497 putabat
587 2406 745 2495 Anglioos
776 2428 872 2472 suum
903 2406 1083 2472 exercitum
1105 2407 1270 2472 invasisse.
1317 2407 1382 2487 Qui

333 2511 448 2576 statim
470 2532 563 2576 anna
585 2510 728 2597 sumpsit
750 2514 785 2574 et
808 2507 874 2578 700
900 2509 1024 2574 milites
1050 2509 1136 2586 lecit,
1158 2510 1327 2575 aestimans
1349 2531 1383 2575 se

333 2613 448 2678 statim
479 2635 554 2678 cum
577 2611 727 2699 Anglicis
762 2611 916 2698 congredi
948 2610 1107 2676 bellicose.
1153 2611 1198 2676 Et
1228 2611 1384 2696 quiores

334 2715 381 2780 sic
403 2737 437 2781 se
460 2735 525 2781 non
542 2712 698 2793 habebat,
714 2713 866 2779 nonnulli
888 2713 1033 2799 ipsorum
1055 2733 1216 2780 novorum
1239 2713 1384 2780 militurn

334 2818 441 2883 ordini
463 2818 592 2883 militiae
607 2817 907 2882 abrenuntiarent:
933 2816 991 2902 qni
1014 2817 1115 2881 etiam
1135 2821 1249 2902 postea
1264 2817 1385 2882 milites

335 2919 453 3007 leporis
483 2919 698 2986 vocabantur.
744 2917 905 3005 Prneoepit
937 2918 1051 3006 itaque
1084 2941 1141 2984 rex
1176 2919 1324 2984 Franciae
1347 2923 1386 2984 ut

335 3044 446 3088 omnes
479 3023 537 3108 qui
571 3026 652 3086 tune
686 3042 778 3086 arma
809 3021 967 3086 militaria
1000 3026 1211 3107 susceperunt
1244 3020 1385 3108 capellas

335 3147 411 3190 suns
433 3126 474 3190 de
496 3124 639 3212 pellibus
653 3124 800 3210 leporum
823 3123 969 3188 facerent
990 3123 1163 3188 l'urrurare.
1202 3124 1282 3189 Post
1304 3143 1384 3210 pau·
1396 3131 1506 3184 Edmc

336 3250 390 3292 cos
413 3227 532 3292 exhinc
561 3226 826 3304 dies,mise1unt
860 3225 902 3291 de
924 3225 1071 3292 exercitu
1095 3225 1295 3292 Francorum
1325 3249 1383 3292 rex
1395 3200 1533 3331 ffi'ffl‘

338 3329 504 3395 Bohemine
526 3335 560 3394 et
582 3329 654 3394 dux
676 3328 900 3414 Lothoringiae
923 3328 1053 3394 cuidam
1076 3327 1214 3415 Hngoni
1229 3329 1269 3394 de
1285 3330 1552 3410 Genaipexctete·

337 3431 490 3497 soneano
518 3431 604 3518 regis
627 3431 767 3518 Angue,
790 3431 927 3510 recreas,
951 3436 990 3495 uc
1021 3431 1190 3496 nuntiam
1221 3432 1385 3498 mvndo
1398 3399 1544 3530 3333&

334 3534 406 3621 regi
439 3540 477 3598 ut
512 3535 554 3599 ad
591 3531 715 3599 bellum
753 3553 787 3598 se
827 3539 965 3620 pararet,
999 3533 1077 3619 quin
1107 3555 1180 3598 curn
1218 3533 1290 3622 ipso
1327 3556 1385 3600 rex
1398 3531 1502 3583 mance.

338 3636 537 3704 Francorum
567 3635 691 3701 bellum
720 3636 823 3702 iniret
856 3635 943 3700 iulia
971 3636 1127 3702 triduum.
1173 3637 1237 3703 Oui
1267 3639 1386 3703 nuntio

337 3745 403 3806 tres
424 3739 648 3827 exploratores
671 3737 820 3804 Franciae
844 3739 932 3824 eapti
962 3745 998 3803 et
1032 3739 1214 3805 examinati
1239 3739 1386 3828 singilla

337 3841 398 3907 tim
420 3840 671 3908 concordabant
726 3839 819 3905 Tunc
841 3840 974 3926 quidem
998 3863 1058 3906 rex
1080 3841 1213 3929 Angliae
1235 3864 1386 3931 eampum

337 3945 511 4032 praelegit,
534 3948 570 4008 et
592 3942 643 4007 ibi
666 3941 780 4008 triduo
802 3942 898 4008 bellis
920 3943 1095 4029 dispositis,
1118 3945 1210 4030 equis
1224 3953 1299 4034 post
1319 3953 1387 4014 ter-

337 4069 416 4132 gum
450 4045 602 4125 dimissis,
634 4043 780 4132 Philippi
817 4045 996 4110 adventum
1027 4047 1286 4132 praestolabatur.
1342 4051 1387 4116 Et
1399 4062 1455 4114 The
1482 4079 1484 4086 ·

338 4170 412 4213 oum
433 4169 493 4214 rex
516 4147 662 4212 Franciae
692 4167 792 4232 prope
815 4146 941 4212 dictum
964 4146 1167 4212 Edwardurn
1201 4173 1259 4238 per
1286 4173 1387 4218 unam
1398 4130 1518 4261 ἓξὲξ,

338 4250 468 4338 leugam
490 4256 524 4316 et
554 4249 725 4315 dimidiam
754 4251 790 4314 in
812 4249 956 4336 quodam
977 4271 1109 4315 nemore
1130 4250 1246 4318 fuisset
1279 4254 1386 4342 hospi·
1399 4262 1520 4312 clinem

338 4357 439 4432 tatus,
462 4354 532 4442 ipso
561 4351 664 4417 tertio
695 4351 749 4417 die
770 4351 916 4438 praefixo,
938 4357 1034 4417 tauto
1065 4351 1184 4420 timore
1217 4343 1510 4446 percussusffi*

339 4456 498 4543 estquod
522 4476 597 4522 cum
626 4459 723 4520 tanta
744 4455 957 4520 festinatione
979 4454 1088 4521 locum
1118 4477 1215 4522 suum
1248 4466 1283 4524 et
1315 4465 1387 4524 ten·

339 4559 425 4624 toria
449 4559 601 4624 deserens
631 4557 741 4622 media
774 4562 869 4623 nocte
892 4557 1080 4637 discederet,
1104 4565 1144 4624 ut
1176 4561 1265 4625 mille
1288 4585 1388 4648 equos

339 4661 496 4726 dimersos
511 4666 545 4726 ct
567 4659 604 4724 in
628 4659 765 4724 rnarieco
780 4658 948 4724 volutatos
964 4666 1037 4746 post
1060 4667 1188 4747 tergum
1206 4662 1387 4749 dereliquit.

344 4763 446 4848 Cujus
469 4763 609 4854 discessu
632 4761 771 4848 cognito,
789 4783 847 4826 rex
871 4761 1064 4840 Edwardus,
1081 4763 1197 4828 hiemis
1212 4769 1387 4852 asprcritate
