3610 5890
543 853 641 903 nuso
663 851 769 901 ussus
793 854 946 912 oururus
969 854 1129 902 necinus.
1311 842 1350 903 65

304 1031 494 1112 posueruut,
518 1049 560 1092 ne
590 1027 676 1092 forte
699 1029 787 1114 capti
810 1028 873 1113 ipsi
896 1028 932 1092 in
954 1028 1110 1114 Angliam
1133 1026 1352 1092 mitterentur.
1366 1037 1435 1090 Ab.
1451 1044 1523 1092 iser.

305 1129 371 1193 Sed
406 1130 476 1194 dux
511 1130 580 1215 ipse
613 1130 649 1194 in
673 1129 849 1195 Britannia
875 1131 918 1194 ad
942 1135 1071 1215 tempus
1094 1130 1295 1210 morabatur,
1319 1136 1355 1194 et

303 1237 419 1316 postea
448 1232 483 1296 in
512 1253 614 1296 manu
644 1231 722 1296 forti
745 1232 895 1296 Londoni
955 1233 1161 1298 mittebatur.
1207 1231 1296 1297 Item
1318 1233 1354 1296 in

303 1334 448 1398 crastino
465 1334 580 1400 Sancti
595 1333 618 1398 J
620 1333 760 1398 ohannis
776 1253 946 1419 Baptsda
965 1335 1097 1420 quando
1117 1335 1239 1400 fretum
1254 1335 1354 1400 altius
1367 1349 1399 1394 25
1411 1345 1487 1396 June.

303 1437 515 1513 tumescebat,
554 1435 782 1520 Francigenes,
814 1435 851 1499 in
891 1439 933 1499 50
972 1437 1102 1522 magnis
1139 1437 1282 1502 navibus
1321 1424 1515 1541 etfffffift

302 1537 435 1624 galiotis
451 1537 614 1624 dispositi,
632 1537 794 1602 Calesiam
816 1537 952 1603 armatis
974 1542 1009 1603 et
1031 1538 1230 1604 victualibus
1245 1539 1354 1604 eonati
1367 1563 1393 1606 to
1405 1505 1503 1608 relicui

302 1644 381 1704 sunt
415 1661 570 1705 recreare.
619 1638 749 1719 Quibus
781 1640 916 1704 comites
950 1639 991 1705 de
1014 1638 1297 1728 Northamptonia
1319 1645 1354 1706 et
1367 1621 1498 1740 wll

303 1741 462 1806 Penbruk
476 1763 552 1807 cum
573 1743 639 1806 400
655 1741 792 1806 armatis
814 1746 849 1805 et
866 1745 963 1820 1‚000
985 1742 1166 1828 sagittariis
1189 1764 1354 1808 occurrere

300 1847 499 1909 statuerunt.
546 1845 635 1922 Quos
659 1865 732 1908 cum
755 1843 927 1923 vidissent,
945 1843 1064 1908 Gallici
1086 1829 1257 1931 in'fugam
1279 1845 1358 1911 con-i

303 1943 398 2010 tiuuo
432 1949 511 2010 sunt
545 1945 692 2032 dispersi.
740 1944 889 2025 Quorum
923 1946 1067 2031 quidam,
1089 1950 1128 2012 ut
1162 1947 1354 2034 semetipsos

303 2046 345 2111 ad
367 2045 561 2133 fugiendum
584 2047 728 2113 facerent
750 2047 901 2134 aptiores,
918 2047 1076 2113 victualia
1099 2047 1139 2112 de
1163 2051 1205 2111 10
1225 2049 1354 2135 magnis

304 2149 437 2234 galiotis
460 2149 496 2212 in
520 2148 673 2236 pelagum
695 2149 927 2235 projecerunt:
962 2153 1004 2214 12
1028 2150 1142 2235 itaque
1165 2171 1266 2215 naves
1288 2151 1354 2215 vic·

302 2249 448 2315 tualibus
483 2256 618 2316 onustas
648 2251 783 2338 Anglici
821 2254 986 2338 ceperunt.
1050 2251 1199 2331 Quorum
1235 2257 1355 2330 nautae,

303 2352 544 2438 perpendentes
575 2354 664 2439 quod
697 2352 837 2418 evadere
871 2374 940 2418 non
973 2353 1135 2431 valerent,
1163 2353 1355 2441 semetipsos

304 2455 341 2518 in
373 2454 512 2520 oceano¹
551 2457 785 2521 demerserunt.
833 2455 956 2542 Captae
986 2461 1098 2521 autem
1121 2475 1223 2520 naves
1246 2478 1355 2522 secum
1458 2527 1463 2531 ,

304 2554 437 2643 Anglici
460 2557 616 2622 ducentes
639 2578 677 2622 eo
701 2557 754 2622 die
777 2578 881 2642 usque
905 2557 1066 2622 Calesiam
1088 2559 1265 2623 redierunt.
1311 2558 1504 2645 Etnsnipos

304 2663 399 2723 nocte
421 2663 579 2745 sequente
602 2659 756 2724 exierunt
771 2659 813 2724 de
829 2657 958 2724 (talesia
981 2659 1124 2725 latenter
1147 2659 1222 2726 duae
1245 2681 1355 2738 naves,
1369 2633 1453 2750 ἓῗζξ

305 2781 442 2845 quarum
478 2783 547 2828 una
579 2761 616 2826 vi
647 2762 753 2826 redire
784 2760 964 2848 cogebatur
994 2767 1028 2826 et
1058 2762 1124 2827 alia
1156 2761 1355 2850 capiebatur.
1368 2736 1499 2831 tentigo

305 2860 347 2926 In
369 2886 435 2949 qua
457 2863 605 2929 inventae
628 2862 764 2928 fuerunt
785 2863 894 2950 plures
916 2863 1036 2929 litterae
1058 2865 1197 2930 diversis
1213 2865 1356 2930 dominis
1368 2832 1524 2962 leffissfgie

305 2963 451 3032 Franeiae
485 2966 626 3033 directae.
684 2965 815 3030 Littera
846 2987 924 3030 vero
959 2965 1084 3030 domini
1118 2966 1282 3031 lobannis
1314 2966 1356 3031 de
1367 2965 1411 3015 the
1422 2973 1499 3042 toan,

304 3065 436 3132 Vienna
458 3067 617 3154 capitanii
640 3065 731 3132 villae
755 3066 893 3132 Calesiae
916 3065 1091 3144 destinata,
1119 3067 1264 3152 projecta
1290 3033 1503 3147 fuitifflf

305 3167 340 3231 iu
364 3168 481 3254 pelago
503 3190 547 3232 ne
568 3172 705 3254 pateret.
753 3167 819 3233 Sed
841 3167 885 3232 ad
907 3168 1007 3232 maris
1030 3168 1194 3232 refluxum
1216 3169 1357 3233 inventa
1368 3162 1493 3214 muetos.

308 3269 442 3333 domino
466 3268 630 3335 Eduardo
663 3268 735 3356 regi
767 3273 994 3355 presentatur.
1041 3268 1084 3332 In
1107 3290 1173 3354 qua
1194 3269 1357 3356 exprime-

308 3372 432 3436 bantur
465 3371 669 3446 calamitates
701 3371 915 3451 obsessorum,
942 3371 1169 3457 exhaustoque
1201 3371 1357 3457 quicquid

307 3473 350 3537 ad
373 3495 468 3538 usum
490 3474 571 3540 vitae
593 3477 802 3560 paraverant,
820 3493 929 3558 equos,
952 3493 1048 3538 canes
1071 3478 1105 3538 et
1128 3477 1227 3550 catos,
1252 3494 1356 3539 come-

306 3575 381 3640 dere
422 3575 686 3662 compelluntur;
731 3580 765 3640 et
798 3575 864 3640 nisi
898 3575 962 3640 sibi
985 3575 1228 3655 subveniretur,
1251 3575 1357 3641 *fame

307 3677 461 3742 eruciati'
486 3677 602 3742 villam
618 3677 797 3742 redderent
818 3675 1030 3743 indefensam.
1066 3678 1207 3743 Interim
1225 3678 1358 3764 Anglici
1370 3686 1505 3768 massot

306 3780 412 3845 nostri
443 3781 480 3844 in
512 3779 683 3844 obsidione
715 3779 806 3845 villae
839 3783 1069 3864 permanentes
1090 3803 1133 3844 ex
1154 3781 1270 3845 morbo
1293 3753 1525 3871 dis-{heffiffh

306 3881 465 3948 senterico
498 3902 603 3966 usque
637 3881 681 3946 ad
713 3879 898 3965 quindecim
922 3880 1028 3945 millia
1050 3881 1221 3946 hominum
1251 3835 1446 3952 decos-leiti

306 3983 443 4049 serunt.2
487 3983 533 4048 Et
556 3982 602 4046 sic
628 4003 681 4048 eos
705 3981 877 4059 Dominus,
899 3988 938 4046 ut
959 3982 1113 4061 creditur,
1135 3989 1269 4070 propter
1299 4005 1359 4048 sua

308 4085 469 4150 demerita
491 4083 683 4172 flagellavit,
707 4105 745 4150 eo
767 4085 931 4170 praecipue
954 4085 1042 4170 quod
1065 4090 1184 4150 tantus
1205 4087 1272 4152 fuit
1294 4087 1357 4152 ibi-

308 4181 383 4252 dem
405 4208 553 4253 accessus
574 4185 749 4251 mulierum
772 4186 979 4272 publicarum
994 4187 1082 4272 quod
1096 4187 1227 4252 illarum
1242 4210 1358 4253 nume·

307 4310 364 4354 rus
387 4290 526 4355 excessit
550 4288 747 4374 quandoque
770 4309 943 4352 numerum
959 4295 1166 4355 armatorum.
1213 4291 1259 4356 Et
1273 4290 1358 4356 sicut
1371 4295 1492 4373 Destruc-

309 4391 476 4477 quondam
511 4411 622 4478 regem
645 4389 848 4454 Edwardum
880 4389 969 4476 apud
992 4391 1182 4478 Andewerp
1217 4394 1254 4456 in
1277 4364 1497 4496 Bra-fflfyal

308 4493 434 4575 bantia,
457 4496 537 4559 ante
568 4515 627 4559 sex
657 4498 740 4557 tunc
769 4513 881 4570 annos,
905 4491 993 4577 ignis
1019 4497 1165 4559 aestuans
1188 4493 1228 4558 de
1251 4497 1358 4557 stratu
1372 4497 1503 4629 iffi'be

339 4649 359 4655 -.
372 4649 490 4655 ...-..--
502 4647 663 4654 .,-..--.-.--.-
677 4649 689 4652 -
699 4647 798 4653 ......--.-
808 4647 815 4651 -
831 4647 851 4652 .-

340 4719 349 4754 1
366 4721 470 4788 oceano]
484 4720 597 4783 occiano,
607 4721 663 4772 MS.
842 4720 848 4788 1
897 4720 908 4752 ²
924 4717 1086 4788 decesserunt]
1105 4721 1280 4784 discesserunt,
1291 4723 1349 4779 MS.

397 4819 474 4868 von.
491 4819 542 4868 111.
1206 4821 1226 4868 Ε
