3546 5872
744 901 928 954 mousom.
1266 890 1361 956 lxxxi

307 1099 359 1153 tiis
377 1099 415 1153 de
441 1097 551 1162 eodem,
572 1102 603 1153 et
620 1098 687 1154 alba
704 1103 735 1154 ot
752 1100 852 1154 amita.
903 1099 988 1164 Item,
1010 1101 1109 1156 casula
1127 1101 1186 1155 alia
1212 1101 1248 1155 de
1273 1101 1360 1172 nigro

309 1182 412 1246 serino,
432 1199 500 1237 oum
525 1181 652 1253 peruris,
673 1182 740 1238 alba
763 1189 793 1238 et
817 1183 916 1238 amita.
955 1184 1042 1248 Item,
1063 1184 1145 1239 stolae
1165 1201 1262 1239 aureae
1281 1185 1357 1250 dnae,

307 1282 375 1319 oum
400 1266 495 1321 tribus
523 1266 691 1335 manipulis.
737 1267 825 1330 Item,
855 1267 920 1321 aliae
946 1267 1011 1322 duae
1039 1268 1120 1322 stolae
1151 1285 1258 1332 aureae,
1291 1287 1359 1324 eum

307 1349 464 1419 manipulis
489 1349 527 1404 ad
551 1350 678 1405 easdem.
717 1351 804 1415 Item,
825 1366 905 1420 oapae
928 1369 982 1422 pro
1007 1351 1175 1406 cantoribus
1194 1351 1233 1422 vj.
1271 1353 1357 1418 Item,

307 1432 394 1501 panni
419 1431 456 1486 ds
475 1432 596 1488 sindone
618 1433 781 1508 stragulato
799 1432 852 1506 iiij.
891 1433 978 1499 Item,
999 1433 1188 1510 bandekynes
1208 1453 1237 1490 v.
1269 1436 1355 1503 Item,

308 1531 387 1570 aonae
404 1533 448 1586 up

643 1741 683 1796 In
700 1741 825 1796 armario
843 1741 876 1795 in
893 1741 1017 1796 eoeleste.

341 1869 557 1926 Vestimentnm
582 1887 674 1924 unum
705 1869 777 1924 aerii
808 1869 913 1924 eoloris
943 1887 997 1940 pro
1033 1869 1209 1942 virginibus.
1265 1871 1352 1938 Item,

306 1953 404 2007 casula
429 1971 489 2007 una
515 1953 551 2008 de
578 1958 644 2008 suto
671 1969 767 2022 opere,
788 1969 855 2006 oum
880 1952 976 2008 tribus
995 1952 1070 2007 albis
1095 1958 1125 2007 et
1142 1954 1258 2024 peruris
1278 1955 1354 2024 ejus-

306 2032 373 2088 dem
391 2035 498 2106 operis.
536 2034 623 2099 Item,
644 2035 702 2090 alia
725 2035 793 2090 alba
817 2052 885 2090 oum
903 2035 1020 2105 peruris
1039 2035 1075 2090 de
1095 2041 1162 2091 suto
1180 2054 1268 2107 opere
1287 2054 1354 2092 oum

306 2118 407 2181 scutis,
428 2135 497 2172 oum
520 2119 619 2183 amita,
641 2119 716 2174 stola
739 2124 770 2173 et
793 2117 952 2188 manipulo,
973 2117 1107 2188 ejusdem
1132 2125 1229 2174 seotae.
1265 2119 1352 2183 Item,

305 2200 405 2255 casula
430 2219 489 2255 una
515 2202 597 2255 aurei
623 2201 721 2272 operis
749 2219 802 2271 pro
823 2199 985 2254 Dominicis
1012 2200 1124 2264 diebus,
1145 2219 1212 2256 oum
1240 2201 1353 2268 duabus

305 2283 413 2339 tuniois
439 2284 572 2354 ejusdem
597 2290 694 2339 seatae.
733 2283 820 2347 Item,
841 2283 940 2337 casula
958 2301 1017 2337 una
1042 2283 1078 2337 de
1097 2283 1231 2354 dyaspyn
1249 2285 1351 2349 rubea,

305 2384 373 2422 oum
391 2367 485 2422 tribus
504 2367 577 2422 albis
596 2373 626 2423 et
644 2366 751 2431 amitis,
772 2371 802 2421 et
824 2366 942 2436 peruris
968 2370 998 2420 et
1017 2367 1202 2436 pertinentiis
1222 2367 1354 2437 ejusdem

305 2455 402 2514 sectae,
429 2456 459 2505 st
485 2447 600 2504 duabus
625 2450 736 2504 tunicis
762 2449 800 2503 ad
826 2448 953 2503 easdem.
992 2447 1080 2514 Item,
1108 2450 1209 2504 oasula
1233 2468 1292 2504 nna
1317 2451 1353 2504 do

303 2533 393 2588 viridi
411 2533 541 2597 sindone,
561 2551 629 2588 oum
653 2533 749 2588 tribus
774 2531 848 2586 albis
867 2530 1013 2586 elamitis
1033 2531 1165 2602 ejusdem
1185 2537 1281 2596 sootae,
1301 2551 1354 2604 pro

303 2617 470 2671 mortuariis
489 2616 592 2671 diebus
611 2615 771 2670 ferialibus.
810 2615 896 2678 Item,
917 2615 1126 2671 vestimentum
1143 2632 1236 2670 unum
1255 2615 1353 2670 album

302 2717 357 2771 pro
386 2699 489 2754 diebus
520 2699 718 2762 sabbatorum,
750 2715 817 2753 aum
849 2697 964 2754 duabus
995 2699 1113 2753 tunicis.
1164 2698 1251 2762 Item,
1280 2698 1353 2753 albae

302 2784 468 2838 mutatorias
492 2782 571 2837 ultra
593 2782 770 2836 vestimenta
794 2780 919 2836 diversis
944 2781 1087 2836 altaribus
1108 2781 1161 2852 vij.
1199 2781 1286 2846 Item,
1307 2799 1354 2836 oa·

302 2866 368 2923 sula
384 2883 443 2921 una
460 2865 544 2920 aurei
561 2865 658 2936 operis
676 2881 730 2935 pro
755 2863 858 2918 diebus
883 2863 1044 2928 ferialibus,
1065 2881 1132 2918 oum
1156 2865 1253 2919 tribus
1278 2864 1352 2920 albis

303 2949 437 3020 ejusdem
465 2953 561 3004 seotae.
608 2947 695 3010 Item,
724 2945 825 3001 casula
850 2962 910 3000 una
935 2946 972 3001 de
999 2946 1066 3001 albo
1091 2947 1195 3010 serice,
1224 2965 1278 3019 pro
1304 2947 1351 3002 die

301 3034 483 3097 Parasoevae,
503 3049 571 3087 oum
595 3031 612 3084 2
638 3030 721 3086 stolis
751 3035 781 3085 et
798 3029 815 3084 3
833 3029 1000 3100 manipulis.
1038 3030 1125 3094 Item,
1146 3031 1255 3086 oasulae
1279 3030 1352 3086 albas

302 3115 366 3171 alioe
384 3121 445 3170 tres
464 3115 500 3170 de
519 3115 648 3185 sustyan,
663 3129 731 3168 eum
749 3111 863 3167 duabus
882 3112 964 3167 stolis
983 3117 1014 3167 et
1026 3113 1043 3166 3
1054 3113 1223 3183 manipulis.
1262 3112 1350 3177 Item,

300 3198 477 3254 vestimenta
501 3197 665 3268 singularia
690 3213 744 3267 pro
770 3195 895 3250 diversis
921 3194 1062 3249 altaribus
1080 3213 1144 3258 xx.;
1172 3194 1208 3248 do
1233 3195 1350 3266 quibus,

302 3282 333 3336 in
360 3299 476 3338 camera
502 3280 616 3336 abbatis
631 3279 667 3350 3.,
687 3283 718 3334 et
740 3278 772 3334 in
796 3278 909 3348 capella
935 3283 1017 3332 extra
1039 3282 1139 3348 portas
1156 3277 1211 3347 iiij.
1251 3277 1352 3332 Oorni·

301 3367 378 3421 oalia
405 3383 459 3437 pro
489 3382 598 3436 magno
627 3363 713 3418 altari
738 3380 767 3416 v.
820 3361 913 3416 Pellae
942 3378 995 3432 pro
1025 3377 1133 3431 magno
1160 3360 1246 3415 altari
1275 3362 1350 3433 viij„

302 3466 428 3520 quarum
448 3447 524 3519 iiij0‘.
545 3464 611 3502 enm
630 3443 785 3500 frontellis.
833 3443 925 3497 Pallae
951 3441 1015 3496 aliae
1042 3442 1080 3496 ad
1105 3442 1224 3497 diversa
1248 3444 1353 3498 altaria

300 3532 403 3603 xliiij.;
423 3531 460 3585 de
485 3529 601 3600 quibus,
626 3529 658 3583 in
683 3543 800 3582 camera
824 3525 938 3581 abbatis
956 3525 999 3596 ij.‚
1020 3530 1051 3579 et
1069 3525 1202 3596 qnoedam
1230 3525 1294 3580 aliae
1321 3527 1351 3580 iu

300 3615 412 3686 capella
442 3617 524 3668 extra
553 3617 662 3681 portas.
701 3609 875 3681 Corporalia
900 3626 946 3663 xx.
991 3607 1127 3680 Oapsulae
1153 3609 1351 3679 corporalium

299 3699 368 3770 xvij.
417 3695 641 3767 ‘Superaltaria
666 3693 730 3763 vij!
776 3691 938 3763 Gansepia¹
969 3691 1007 3747 ad
1038 3691 1155 3748 diversa
1185 3692 1289 3746 altaria
1320 3693 1350 3748 in

300 3781 426 3837 ooolesia
451 3783 482 3834 et
508 3777 619 3850 capella
644 3783 726 3832 extra
750 3780 849 3847 portas
878 3773 989 3846 xxxiiij.
1027 3775 1163 3830 'Iersoria
1188 3775 1250 3830 sino
1273 3775 1349 3831 listis

300 3864 401 3935 xxviij.
439 3862 636 3918 Thnribulum
660 3877 769 3916 aereum
783 3859 807 3929 j.
845 3857 958 3929 Puppis
983 3875 1042 3913 una
1065 3875 1174 3929 cuprea
1192 3876 1245 3930 pro
1262 3859 1349 3914 thure

300 3949 340 4006 od
357 3947 445 4004 idem.
484 3945 638 4016 Quyssyns
656 3943 699 4014 iij.
735 3941 842 3998 Pelves
861 3958 960 4012 parvos
978 3939 1010 4010 ij.

682 4183 763 4247 Iteut,
782 4181 816 4234 in
833 4179 957 4234 eeclesia.

337 4317 465 4374 Gortinae
490 4332 544 4386 pro
569 4328 676 4383 magno
702 4309 788 4365 altari
815 4307 856 4378 vj.
894 4306 981 4370 Item,
1011 4323 1123 4376 pannus
1153 4325 1206 4377 pro
1224 4307 1349 4364 cimbalo

299 4402 437 4474 tegendo.
475 4400 562 4462 Item,
582 4397 683 4453 velum
707 4391 974 4463 Quadragesimale.
1012 4391 1099 4458 Item,
1120 4391 1270 4462 lampades
1288 4395 1346 4465 xvj.

299 4487 388 4551 Item,
408 4483 487 4540 scala
504 4482 621 4553 plicata.

600 4800 606 4830 ¹
622 4795 765 4863 Gnusepio]
780 4795 832 4845 For
843 4791 971 4860 gausapia,
983 4793 1071 4844 olous.
