3610 5890
418 879 460 939 20
646 890 743 938 uuoo
766 887 874 938 Annas
897 889 1049 949 Qururus
1072 889 1233 939 ncoruus.

251 1071 396 1122 11111339
416 1062 518 1126 suerit
540 1083 598 1148 per
631 1084 733 1126 unum
757 1084 900 1127 mensem
933 1062 1108 1148 integrum,
1132 1061 1168 1125 in
1190 1059 1320 1124 defectu
1346 1066 1470 1136 nostro,

250 1143 340 1188 '¹³⁴⁹'
418 1175 500 1256 post
526 1169 654 1256 lapsum
690 1171 823 1235 termini
855 1169 999 1254 alicujus.
1051 1169 1106 1233 Ad
1136 1167 1207 1233 haec
1238 1173 1358 1243 autem,
1389 1168 1468 1253 quia

420 1273 526 1338 dictus
561 1271 711 1338 dominus
742 1273 905 1338 Robertus
938 1272 1041 1358 ipsam
1064 1270 1244 1336 cantariam
1266 1270 1316 1334 ita
1338 1269 1466 1333 ordina-

422 1381 515 1440 verat
547 1379 586 1439 ut
619 1375 767 1461 qualibet
804 1375 856 1440 die
894 1374 1085 1461 septimense
1124 1372 1323 1461 [capellanus
1359 1372 1395 1435 in
1429 1392 1467 1436 ea

422 1477 622 1562 deserviens]
658 1478 791 1542 missam
828 1498 887 1564 pro
927 1476 1095 1554 defunctis
1130 1475 1252 1540 scilicet
1281 1473 1465 1559 “Requiem

421 1588 438 1615 “
461 1577 647 1656 aeternam,”
664 1585 799 1666 excepte
822 1578 1127 1664 dominicamque
1141 1578 1274 1642 missam
1297 1577 1338 1642 de
1361 1575 1467 1639 Trini-

420 1687 498 1758 tatc,
537 1686 572 1746 et
609 1681 673 1746 alia
707 1683 816 1746 omnia
854 1682 991 1746 servitia
1029 1680 1178 1766 quolibet
1215 1681 1276 1757 die,
1314 1677 1468 1743 videlicet

421 1790 438 1819 “
451 1782 617 1858 Placeb0,”
661 1793 677 1818 “
690 1783 848 1870 Dirigesss
875 1789 909 1848 et
952 1791 969 1818 “
984 1781 1335 1859 Commendationem,”
1372 1780 1467 1866 [cele-

419 1885 554 1970 braret],
578 1885 814 1971 dotaveratque
847 1909 919 1950 cem
951 1885 991 1950 de
1026 1883 1213 1970 hujusmodi
1250 1905 1366 1948 annuo,
1394 1882 1467 1947 red-

420 1987 494 2052 ditu
527 1987 672 2073 quinque
703 2009 895 2066 marearum,
932 2009 1030 2074 quem
1067 1987 1244 2074 acquisivit
1281 1985 1465 2073 specialiter

420 2112 477 2176 pro
500 2089 621 2168 eadem,
637 2090 863 2168 concessimus,
878 2113 936 2177 pro
961 2090 1056 2154 nobis
1079 2095 1114 2154 et
1136 2088 1372 2154 successoribus
1394 2108 1468 2151 nos-

419 2193 489 2269 tris,
526 2192 615 2277 quod
650 2192 677 2256 si
710 2193 782 2278 ipsa
816 2192 991 2269 ordinatio,
1016 2191 1125 2277 quoad
1158 2191 1316 2277 majorem
1350 2189 1468 2256 securi-

420 2299 523 2358 tatem
561 2293 742 2378 parandam
780 2316 878 2381 super
908 2294 1074 2380 praedictis
1111 2295 1232 2358 annuis
1269 2292 1464 2368 redditibus,

420 2395 649 2459 emendatione
680 2396 847 2480 indigeret
878 2397 914 2460 in
936 2397 1095 2474 futurum,
1119 2395 1227 2482 quod1
1250 2395 1357 2482 parati
1383 2415 1466 2458 esse·

421 2519 503 2573 mus,
519 2496 699 2561 secundum
723 2498 972 2584 dispositionem
996 2499 1073 2564 dicti
1099 2498 1225 2563 domini
1248 2497 1386 2563 Rcberti
1409 2501 1469 2561 aut

421 2597 580 2664 heredum
603 2620 745 2676 suorum,
769 2607 804 2665 et
839 2602 1021 2666 communis
1055 2601 1183 2666 consilii
1214 2600 1318 2687 partis
1344 2599 1467 2664 utrius-

421 2724 493 2788 que,
517 2701 758 2766 ordinationem
782 2707 864 2767 tunc
885 2703 1006 2768 factam
1029 2703 1203 2768 emendare
1226 2709 1260 2768 et
1283 2703 1467 2777 reformare,

255 2819 322 2870 ΑΒ.
337 2825 408 2869 rsus.
421 2826 494 2868 cum
517 2803 673 2868 fuerimus
697 2825 793 2889 super
808 2805 869 2870 hoc
891 2805 1134 2870 rationabiliter
1149 2805 1346 2891 praemuniti.
1381 2803 1468 2870 Prae-

255 2887 408 3002 Iffiihi
423 2907 494 2970 fata
519 2911 631 2970 autem
667 2907 831 2970 ordinatio
854 2907 940 2972 facta
966 2908 1072 2973 fuerat
1103 2929 1190 2972 anno
1213 2907 1350 2972 Domini
1375 2908 1468 2982 1349,

255 2968 290 3085 11
300 2969 394 3070 theey
421 3013 455 3073 et
479 3009 516 3071 in
539 3030 626 3072 anno
651 3012 736 3073 1385
762 3009 874 3073 finivit
904 3010 1063 3074 terminus
1086 3009 1171 3074 infre
1193 3031 1290 3094 quem
1313 3006 1468 3095 praefatas

254 3093 364 3202 ἔξω
421 3116 553 3177 centum
587 3111 756 3196 octoginta
787 3131 912 3176 marcas
943 3113 979 3174 in
1013 3112 1084 3198 ipsa
1120 3112 1274 3191 cantaria,
1298 3132 1380 3195 ques
1409 3131 1468 3196 pro

423 3214 537 3278 eadem
568 3214 758 3299 recepimus,
789 3214 935 3299 plenarie
970 3213 1240 3300 expendebemus.
1292 3213 1348 3277 Ita
1380 3211 1467 3298 quod

422 3323 530 3380 totum
553 3315 640 3401 quod
663 3316 700 3379 in
731 3316 870 3401 praefata
892 3317 1048 3392 cantaria,
1079 3321 1156 3402 post
1182 3337 1308 3380 annum
1331 3313 1467 3380 Domini

424 3423 522 3496 1385,
546 3417 761 3503 expendimus
796 3417 839 3480 ed
869 3418 953 3482 nihil
988 3419 1071 3482 utile
1104 3417 1200 3482 nobis
1234 3418 1398 3503 redigitur
1431 3403 1467 3480 111

422 3521 579 3596 futurum,
598 3520 778 3605 praesertim
802 3541 876 3584 cum
899 3521 1008 3606 ipsum
1032 3521 1105 3605 plus
1129 3521 1344 3606 expendimus
1367 3540 1467 3604 quem

423 3643 481 3708 pro
519 3621 608 3686 dicta
645 3621 791 3686 cantaria
828 3627 927 3686 antea
971 3644 1168 3709 ceperamus,
1210 3629 1329 3709 praeter
1367 3621 1468 3686 ctiam

424 3723 606 3788 delationes
638 3724 783 3809 ipsarum
809 3727 827 3789 5
852 3747 1037 3790 marcarum
1069 3725 1158 3790 ultra
1192 3725 1390 3790 Humbriam
1423 3723 1466 3787 ad

424 3825 629 3905 Fowlstowe,
656 3824 698 3888 ad
721 3833 831 3892 custus
847 3828 994 3912 quolibet
1018 3849 1105 3892 anno
1128 3831 1171 3892 40
1195 3827 1424 3904 denariorium,
1448 3847 1469 3890 a

423 3927 582 4014 principio
606 3929 851 4013 compositionis
881 3929 1099 4008 infuturum,
1122 3936 1156 3995 et
1187 3935 1306 4016 praeter
1336 3929 1470 3993 timores

424 4050 596 4114 poenarum
619 4029 729 4094 forsan
751 4031 1028 4097 incurrendarum.

425 4243 483 4308 VI.
506 4243 555 4309 De
572 4242 711 4309 licentia
726 4243 1027 4331 appropriationes
1041 4245 1181 4312 cocleare
1197 4246 1237 4311 de
1252 4245 1470 4332 Kcyaptora.

470 4381 614 4448 Preefata
635 4387 748 4446 autem
779 4384 925 4468 pecunia,
951 4405 1025 4470 quae
1048 4384 1143 4449 nobis
1174 4385 1253 4450 data
1275 4383 1384 4448 fuerat
1413 4404 1471 4468 pro

348 4541 359 4554 .
425 4485 572 4550 cantaria
610 4485 650 4550 de
689 4483 894 4562 Fowseowe,
934 4491 974 4550 ut
1011 4486 1211 4574 praedicitur,
1250 4487 1295 4552 sic
1333 4491 1471 4572 recepta,

316 4619 322 4631 ·
424 4613 444 4652 a
474 4588 614 4674 pristino
648 4586 816 4674 proposito
848 4588 1006 4654 desistere
1039 4589 1239 4668 nolebamus,
1274 4590 1356 4674 quin
1387 4589 1472 4654 circe

627 4721 708 4727 ——·
720 4721 755 4727 --··
1002 4724 1147 4731 -——----
1183 4723 1400 4732 --——-—----.-
1416 4723 1460 4730 ----

591 4781 596 4811 ¹
616 4780 692 4845 quod]
713 4781 912 4846 eredundsncy,
924 4783 969 4832 bnt
980 4783 1024 4834 the
1036 4783 1140 4848 reading
1151 4785 1183 4834 of
1194 4783 1237 4834 the
1248 4783 1304 4835 MS.
