<?xml version="1.0" encoding="UTF-8"?>
<!DOCTYPE html PUBLIC "-//W3C//DTD XHTML 1.0 Transitional//EN"
    "http://www.w3.org/TR/xhtml1/DTD/xhtml1-transitional.dtd">
<html xmlns="http://www.w3.org/1999/xhtml" xml:lang="en" lang="en">
 <head>
  <title>
</title>
<meta http-equiv="Content-Type" content="text/html;charset=utf-8" />
  <meta name='ocr-system' content='tesseract 3.04.00' />
  <meta name='ocr-capabilities' content='ocr_page ocr_carea ocr_par ocr_line ocrx_word'/>
</head>
<body>
  <div class='ocr_page' id='page_1' title='image "./chronicamonaste01thomgoog_0378.png"; bbox 0 0 3578 5874; ppageno 0'>
   <div class='ocr_carea' id='block_1_1' title="bbox 492 865 1312 931">
    <p class='ocr_par' dir='ltr' id='par_1_1' title="bbox 492 865 1312 931">
     <span class='ocr_line' id='line_1_1' title="bbox 492 865 1312 931; baseline 0.005 -4"><span class='ocrx_word' id='word_1_1' title='bbox 492 865 556 928; x_wconf 74' lang='grc' dir='ltr'><strong>ιιι</strong></span> <span class='ocrx_word' id='word_1_2' title='bbox 723 879 862 928; x_wconf 79' lang='grc' dir='ltr'><strong>ιιιοιιιε</strong></span> <span class='ocrx_word' id='word_1_3' title='bbox 883 879 991 928; x_wconf 76' lang='lat' dir='ltr'><strong>assas</strong></span> <span class='ocrx_word' id='word_1_4' title='bbox 1013 881 1130 930; x_wconf 77' lang='lat' dir='ltr'><strong>rosus</strong></span> <span class='ocrx_word' id='word_1_5' title='bbox 1151 880 1312 931; x_wconf 79' lang='lat' dir='ltr'><strong>nnomus</strong></span> 
     </span>
    </p>
   </div>
   <div class='ocr_carea' id='block_1_2' title="bbox 322 1050 1537 1344">
    <p class='ocr_par' dir='ltr' id='par_1_2' title="bbox 323 1050 1537 1344">
     <span class='ocr_line' id='line_1_2' title="bbox 323 1050 1537 1140; baseline 0.012 -36"><span class='ocrx_word' id='word_1_6' title='bbox 323 1055 391 1106; x_wconf 78' lang='lat' dir='ltr'>A..1)</span> <span class='ocrx_word' id='word_1_7' title='bbox 407 1063 469 1111; x_wconf 82' lang='lat' dir='ltr'><strong>lass</strong></span> <span class='ocrx_word' id='word_1_8' title='bbox 490 1051 568 1116; x_wconf 89' lang='lat' dir='ltr'><strong>dum</strong></span> <span class='ocrx_word' id='word_1_9' title='bbox 602 1052 691 1138; x_wconf 86' lang='lat' dir='ltr'><strong>quod</strong></span> <span class='ocrx_word' id='word_1_10' title='bbox 732 1051 837 1116; x_wconf 85' lang='lat' dir='ltr'><strong>nostri</strong></span> <span class='ocrx_word' id='word_1_11' title='bbox 874 1050 999 1116; x_wconf 81' lang='lat' dir='ltr'><strong>ordinis</strong></span> <span class='ocrx_word' id='word_1_12' title='bbox 1037 1053 1192 1118; x_wconf 84' lang='lat' dir='ltr'><strong>instituta</strong></span> <span class='ocrx_word' id='word_1_13' title='bbox 1227 1053 1410 1140; x_wconf 86' lang='lat' dir='ltr'><strong>requirunt,</strong></span> <span class='ocrx_word' id='word_1_14' title='bbox 1432 1059 1537 1139; x_wconf 85' lang='lat' dir='ltr'><strong>utque</strong></span> 
     </span>
     <span class='ocr_line' id='line_1_3' title="bbox 322 1128 1536 1241; baseline 0.002 -22.034"><span class='ocrx_word' id='word_1_15' title='bbox 322 1128 414 1175; x_wconf 75' lang='lat'>¹³⁹⁹</span> <span class='ocrx_word' id='word_1_16' title='bbox 490 1153 720 1220; x_wconf 73' lang='lat' dir='ltr'><strong>dictaverint</strong></span> <span class='ocrx_word' id='word_1_17' title='bbox 710 1176 746 1218; x_wconf 95' lang='grc' dir='ltr'><strong>ιιι</strong></span> <span class='ocrx_word' id='word_1_18' title='bbox 768 1154 944 1240; x_wconf 75' lang='lat' dir='ltr'><strong>praemissis</strong></span> <span class='ocrx_word' id='word_1_19' title='bbox 966 1155 1117 1241; x_wconf 76' lang='lat' dir='ltr'><strong>regulae</strong></span> <span class='ocrx_word' id='word_1_20' title='bbox 1102 1157 1197 1240; x_wconf 70' lang='lat' dir='ltr'><strong>juris,</strong></span> <span class='ocrx_word' id='word_1_21' title='bbox 1214 1161 1249 1220; x_wconf 88' lang='lat' dir='ltr'><strong>et</strong></span> <span class='ocrx_word' id='word_1_22' title='bbox 1271 1156 1384 1222; x_wconf 80' lang='lat' dir='ltr'><strong>taliter</strong></span> <span class='ocrx_word' id='word_1_23' title='bbox 1405 1163 1445 1222; x_wconf 92' lang='lat' dir='ltr'><strong>ut</strong></span> <span class='ocrx_word' id='word_1_24' title='bbox 1466 1157 1536 1222; x_wconf 90' lang='lat' dir='ltr'><strong>sint</strong></span> 
     </span>
     <span class='ocr_line' id='line_1_4' title="bbox 323 1255 1534 1344; baseline 0.007 -29"><span class='ocrx_word' id='word_1_25' title='bbox 323 1267 474 1320; x_wconf 72' lang='lat' dir='ltr'><strong>Asseros</strong></span> <span class='ocrx_word' id='word_1_26' title='bbox 489 1256 857 1343; x_wconf 83' lang='lat' dir='ltr'><strong>aliisinmexemplum.</strong></span> <span class='ocrx_word' id='word_1_27' title='bbox 905 1255 1001 1334; x_wconf 82' lang='lat' dir='ltr'><strong>Quod</strong></span> <span class='ocrx_word' id='word_1_28' title='bbox 1034 1257 1171 1323; x_wconf 88' lang='lat' dir='ltr'><strong>audiens</strong></span> <span class='ocrx_word' id='word_1_29' title='bbox 1194 1259 1353 1324; x_wconf 79' lang='lat' dir='ltr'><strong>Riserdus</strong></span> <span class='ocrx_word' id='word_1_30' title='bbox 1375 1259 1454 1338; x_wconf 81' lang='lat' dir='ltr'><strong>Fsk,</strong></span> <span class='ocrx_word' id='word_1_31' title='bbox 1477 1259 1534 1344; x_wconf 89' lang='lat' dir='ltr'><strong>qui</strong></span> 
     </span>
    </p>
   </div>
   <div class='ocr_carea' id='block_1_3' title="bbox 322 1334 1533 1451">
    <p class='ocr_par' dir='ltr' id='par_1_3' title="bbox 322 1334 1533 1451">
     <span class='ocr_line' id='line_1_5' title="bbox 322 1334 1533 1451; baseline 0.01 -34"><span class='ocrx_word' id='word_1_32' title='bbox 322 1334 433 1451; x_wconf 56' lang='lat' dir='ltr'><strong>fflm</strong></span> <span class='ocrx_word' id='word_1_33' title='bbox 488 1359 563 1424; x_wconf 89' lang='lat' dir='ltr'><strong>aliis</strong></span> <span class='ocrx_word' id='word_1_34' title='bbox 584 1359 721 1425; x_wconf 84' lang='lat' dir='ltr'><strong>scientia</strong></span> <span class='ocrx_word' id='word_1_35' title='bbox 742 1358 925 1445; x_wconf 73' lang='lat' dir='ltr'><strong>praecellere</strong></span> <span class='ocrx_word' id='word_1_36' title='bbox 947 1359 1132 1440; x_wconf 85' lang='lat' dir='ltr'><strong>videbatur,</strong></span> <span class='ocrx_word' id='word_1_37' title='bbox 1156 1361 1236 1426; x_wconf 81' lang='lat' dir='ltr'><strong>viva</strong></span> <span class='ocrx_word' id='word_1_38' title='bbox 1255 1384 1337 1428; x_wconf 82' lang='lat' dir='ltr'><strong>voce</strong></span> <span class='ocrx_word' id='word_1_39' title='bbox 1358 1362 1423 1448; x_wconf 91' lang='lat' dir='ltr'><strong>ipsi</strong></span> <span class='ocrx_word' id='word_1_40' title='bbox 1445 1363 1533 1449; x_wconf 89' lang='lat' dir='ltr'><strong>patri</strong></span> 
     </span>
    </p>
   </div>
   <div class='ocr_carea' id='block_1_4' title="bbox 432 1460 1534 3170">
    <p class='ocr_par' dir='ltr' id='par_1_4' title="bbox 432 1460 1534 3170">
     <span class='ocr_line' id='line_1_6' title="bbox 488 1460 1534 1548; baseline 0.002 -20"><span class='ocrx_word' id='word_1_41' title='bbox 488 1463 602 1528; x_wconf 87' lang='lat' dir='ltr'><strong>abbati</strong></span> <span class='ocrx_word' id='word_1_42' title='bbox 623 1462 810 1548; x_wconf 88' lang='lat' dir='ltr'><strong>hujusmodi</strong></span> <span class='ocrx_word' id='word_1_43' title='bbox 832 1460 953 1527; x_wconf 84' lang='lat' dir='ltr'><strong>dieitur</strong></span> <span class='ocrx_word' id='word_1_44' title='bbox 970 1463 1240 1548; x_wconf 80' lang='lat' dir='ltr'><strong>respondisser-</strong></span> <span class='ocrx_word' id='word_1_45' title='bbox 1240 1464 1456 1530; x_wconf 79' lang='lat' dir='ltr'><strong>“Reverende</strong></span> <span class='ocrx_word' id='word_1_46' title='bbox 1477 1465 1534 1530; x_wconf 88' lang='lat' dir='ltr'><strong>do-</strong></span> 
     </span>
     <span class='ocr_line' id='line_1_7' title="bbox 489 1564 1533 1654; baseline 0.003 -25.12"><span class='ocrx_word' id='word_1_47' title='bbox 489 1565 625 1643; x_wconf 86' lang='lat' dir='ltr'><strong>“mine,</strong></span> <span class='ocrx_word' id='word_1_48' title='bbox 649 1564 735 1650; x_wconf 83' lang='lat' dir='ltr'><strong>quia,</strong></span> <span class='ocrx_word' id='word_1_49' title='bbox 758 1569 797 1628; x_wconf 90' lang='lat' dir='ltr'><strong>ut</strong></span> <span class='ocrx_word' id='word_1_50' title='bbox 819 1565 944 1628; x_wconf 84' lang='lat' dir='ltr'><strong>cunctis</strong></span> <span class='ocrx_word' id='word_1_51' title='bbox 977 1565 1125 1630; x_wconf 91' lang='lat' dir='ltr'><strong>innotuit</strong></span> <span class='ocrx_word' id='word_1_52' title='bbox 1147 1588 1245 1653; x_wconf 90' lang='lat' dir='ltr'><strong>super</strong></span> <span class='ocrx_word' id='word_1_53' title='bbox 1267 1567 1331 1632; x_wconf 86' lang='lat' dir='ltr'><strong>hiis</strong></span> <span class='ocrx_word' id='word_1_54' title='bbox 1352 1567 1394 1632; x_wconf 90' lang='lat' dir='ltr'><strong>de</strong></span> <span class='ocrx_word' id='word_1_55' title='bbox 1415 1567 1533 1654; x_wconf 87' lang='lat' dir='ltr'><strong>quibus</strong></span> 
     </span>
     <span class='ocr_line' id='line_1_8' title="bbox 489 1666 1533 1756; baseline 0.001 -23"><span class='ocrx_word' id='word_1_56' title='bbox 489 1679 505 1704; x_wconf 91' lang='grc'>“</span> <span class='ocrx_word' id='word_1_57' title='bbox 528 1690 588 1733; x_wconf 90' lang='lat' dir='ltr'><strong>nos</strong></span> <span class='ocrx_word' id='word_1_58' title='bbox 602 1666 773 1753; x_wconf 80' lang='lat' dir='ltr'><strong>arguitis</strong></span> <span class='ocrx_word' id='word_1_59' title='bbox 763 1687 801 1730; x_wconf 90' lang='grc' dir='ltr'><strong>ιιι</strong></span> <span class='ocrx_word' id='word_1_60' title='bbox 815 1667 978 1752; x_wconf 82' lang='lat' dir='ltr'><strong>praesenti,</strong></span> <span class='ocrx_word' id='word_1_61' title='bbox 994 1689 1102 1732; x_wconf 86' lang='lat' dir='ltr'><strong>ooram</strong></span> <span class='ocrx_word' id='word_1_62' title='bbox 1116 1669 1302 1734; x_wconf 87' lang='lat' dir='ltr'><strong>reverendis</strong></span> <span class='ocrx_word' id='word_1_63' title='bbox 1323 1669 1473 1756; x_wconf 85' lang='lat' dir='ltr'><strong>patribus</strong></span> <span class='ocrx_word' id='word_1_64' title='bbox 1492 1670 1533 1734; x_wconf 89' lang='lat' dir='ltr'><strong>de</strong></span> 
     </span>
     <span class='ocr_line' id='line_1_9' title="bbox 490 1767 1533 1856; baseline 0.001 -20"><span class='ocrx_word' id='word_1_65' title='bbox 490 1781 506 1808; x_wconf 84' lang='lat'><strong>‘⁴</strong></span> <span class='ocrx_word' id='word_1_66' title='bbox 532 1772 625 1856; x_wconf 85' lang='lat' dir='ltr'><strong>Rupe</strong></span> <span class='ocrx_word' id='word_1_67' title='bbox 662 1776 697 1835; x_wconf 89' lang='lat' dir='ltr'><strong>et</strong></span> <span class='ocrx_word' id='word_1_68' title='bbox 723 1767 897 1854; x_wconf 78' lang='lat' dir='ltr'><strong>Gerydona</strong></span> <span class='ocrx_word' id='word_1_69' title='bbox 921 1772 1192 1836; x_wconf 79' lang='lat' dir='ltr'><strong>monasteriorum</strong></span> <span class='ocrx_word' id='word_1_70' title='bbox 1221 1771 1397 1838; x_wconf 88' lang='lat' dir='ltr'><strong>abbatibus</strong></span> <span class='ocrx_word' id='word_1_71' title='bbox 1429 1773 1533 1837; x_wconf 87' lang='lat' dir='ltr'><strong>nostri</strong></span> 
     </span>
     <span class='ocr_line' id='line_1_10' title="bbox 489 1870 1533 1952; baseline 0.001 -13"><span class='ocrx_word' id='word_1_72' title='bbox 489 1883 507 1911; x_wconf 89' lang='lat'><strong>“</strong></span> <span class='ocrx_word' id='word_1_73' title='bbox 529 1873 655 1940; x_wconf 78' lang='lat' dir='ltr'><strong>ordinis</strong></span> <span class='ocrx_word' id='word_1_74' title='bbox 675 1870 908 1952; x_wconf 83' lang='lat' dir='ltr'><strong>Cisteroiensis,</strong></span> <span class='ocrx_word' id='word_1_75' title='bbox 931 1893 970 1936; x_wconf 88' lang='lat' dir='ltr'><strong>ao</strong></span> <span class='ocrx_word' id='word_1_76' title='bbox 991 1871 1064 1938; x_wconf 88' lang='lat' dir='ltr'><strong>aliis</strong></span> <span class='ocrx_word' id='word_1_77' title='bbox 1086 1875 1274 1940; x_wconf 87' lang='lat' dir='ltr'><strong>reverendis</strong></span> <span class='ocrx_word' id='word_1_78' title='bbox 1296 1875 1418 1940; x_wconf 86' lang='lat' dir='ltr'><strong>eisdem</strong></span> <span class='ocrx_word' id='word_1_79' title='bbox 1440 1875 1533 1940; x_wconf 84' lang='lat' dir='ltr'><strong>essis-</strong></span> 
     </span>
     <span class='ocr_line' id='line_1_11' title="bbox 487 1973 1533 2064; baseline -0.002 -20"><span class='ocrx_word' id='word_1_80' title='bbox 487 1986 504 2016; x_wconf 87' lang='lat'>“</span> <span class='ocrx_word' id='word_1_81' title='bbox 529 1976 687 2052; x_wconf 84' lang='lat' dir='ltr'><strong>tentibus,</strong></span> <span class='ocrx_word' id='word_1_82' title='bbox 724 1974 893 2040; x_wconf 86' lang='lat' dir='ltr'><strong>decretum</strong></span> <span class='ocrx_word' id='word_1_83' title='bbox 931 1973 997 2038; x_wconf 84' lang='lat' dir='ltr'><strong>suit</strong></span> <span class='ocrx_word' id='word_1_84' title='bbox 1033 1975 1069 2040; x_wconf 91' lang='lat' dir='ltr'><strong>in</strong></span> <span class='ocrx_word' id='word_1_85' title='bbox 1110 1977 1276 2042; x_wconf 88' lang='lat' dir='ltr'><strong>eommuni</strong></span> <span class='ocrx_word' id='word_1_86' title='bbox 1313 1978 1401 2064; x_wconf 92' lang='lat' dir='ltr'><strong>quod</strong></span> <span class='ocrx_word' id='word_1_87' title='bbox 1438 1999 1533 2063; x_wconf 88' lang='lat' dir='ltr'><strong>super</strong></span> 
     </span>
     <span class='ocr_line' id='line_1_12' title="bbox 489 2077 1533 2166; baseline -0.002 -20"><span class='ocrx_word' id='word_1_88' title='bbox 489 2078 716 2166; x_wconf 89' lang='lat' dir='ltr'><strong>“hujusmodi</strong></span> <span class='ocrx_word' id='word_1_89' title='bbox 739 2098 806 2164; x_wconf 83' lang='lat' dir='ltr'><strong>pax</strong></span> <span class='ocrx_word' id='word_1_90' title='bbox 828 2077 1061 2142; x_wconf 84' lang='lat' dir='ltr'><strong>reformaretur</strong></span> <span class='ocrx_word' id='word_1_91' title='bbox 1086 2100 1123 2143; x_wconf 83' lang='lat' dir='ltr'><strong>ae</strong></span> <span class='ocrx_word' id='word_1_92' title='bbox 1146 2085 1343 2165; x_wconf 89' lang='lat' dir='ltr'><strong>perpetuum</strong></span> <span class='ocrx_word' id='word_1_93' title='bbox 1365 2079 1533 2145; x_wconf 86' lang='lat' dir='ltr'><strong>silentium</strong></span> 
     </span>
     <span class='ocr_line' id='line_1_13' title="bbox 488 2179 1533 2269; baseline -0.003 -21"><span class='ocrx_word' id='word_1_94' title='bbox 488 2193 504 2218; x_wconf 79' lang='lat'><strong>‘¹</strong></span> <span class='ocrx_word' id='word_1_95' title='bbox 527 2185 757 2269; x_wconf 83' lang='lat' dir='ltr'><strong>imponeretur,</strong></span> <span class='ocrx_word' id='word_1_96' title='bbox 778 2183 881 2264; x_wconf 90' lang='lat' dir='ltr'><strong>utque</strong></span> <span class='ocrx_word' id='word_1_97' title='bbox 902 2179 965 2242; x_wconf 91' lang='lat' dir='ltr'><strong>filii</strong></span> <span class='ocrx_word' id='word_1_98' title='bbox 999 2179 1189 2246; x_wconf 86' lang='lat' dir='ltr'><strong>obedientes</strong></span> <span class='ocrx_word' id='word_1_99' title='bbox 1211 2181 1252 2246; x_wconf 90' lang='lat' dir='ltr'><strong>de</strong></span> <span class='ocrx_word' id='word_1_100' title='bbox 1274 2187 1392 2247; x_wconf 75' lang='lat' dir='ltr'><strong>caetero</strong></span> <span class='ocrx_word' id='word_1_101' title='bbox 1421 2181 1533 2246; x_wconf 82' lang='lat' dir='ltr'><strong>abbati</strong></span> 
     </span>
     <span class='ocr_line' id='line_1_14' title="bbox 488 2279 1533 2359; baseline -0.002 -9"><span class='ocrx_word' id='word_1_102' title='bbox 488 2293 506 2321; x_wconf 87' lang='lat'><strong>“</strong></span> <span class='ocrx_word' id='word_1_103' title='bbox 528 2289 640 2350; x_wconf 89' lang='lat' dir='ltr'><strong>nostro</strong></span> <span class='ocrx_word' id='word_1_104' title='bbox 663 2283 698 2348; x_wconf 94' lang='lat' dir='ltr'><strong>in</strong></span> <span class='ocrx_word' id='word_1_105' title='bbox 720 2281 821 2346; x_wconf 85' lang='lat' dir='ltr'><strong>licitis</strong></span> <span class='ocrx_word' id='word_1_106' title='bbox 853 2279 1067 2359; x_wconf 87' lang='lat' dir='ltr'><strong>obediremus,</strong></span> <span class='ocrx_word' id='word_1_107' title='bbox 1091 2283 1177 2348; x_wconf 87' lang='lat' dir='ltr'><strong>siout</strong></span> <span class='ocrx_word' id='word_1_108' title='bbox 1198 2285 1235 2347; x_wconf 92' lang='lat' dir='ltr'><strong>in</strong></span> <span class='ocrx_word' id='word_1_109' title='bbox 1263 2284 1393 2349; x_wconf 82' lang='lat' dir='ltr'><strong>decreto</strong></span> <span class='ocrx_word' id='word_1_110' title='bbox 1415 2285 1533 2348; x_wconf 87' lang='lat' dir='ltr'><strong>exinde</strong></span> 
     </span>
     <span class='ocr_line' id='line_1_15' title="bbox 488 2383 1533 2472; baseline -0.001 -20"><span class='ocrx_word' id='word_1_111' title='bbox 488 2395 506 2424; x_wconf 89' lang='lat'><strong>“</strong></span> <span class='ocrx_word' id='word_1_112' title='bbox 528 2387 675 2452; x_wconf 83' lang='lat' dir='ltr'><strong>oonfeoto</strong></span> <span class='ocrx_word' id='word_1_113' title='bbox 712 2383 840 2472; x_wconf 89' lang='lat' dir='ltr'><strong>plenius</strong></span> <span class='ocrx_word' id='word_1_114' title='bbox 877 2384 1074 2464; x_wconf 85' lang='lat' dir='ltr'><strong>continetur,</strong></span> <span class='ocrx_word' id='word_1_115' title='bbox 1112 2407 1150 2450; x_wconf 88' lang='lat' dir='ltr'><strong>ao</strong></span> <span class='ocrx_word' id='word_1_116' title='bbox 1188 2387 1276 2472; x_wconf 89' lang='lat' dir='ltr'><strong>quod</strong></span> <span class='ocrx_word' id='word_1_117' title='bbox 1319 2386 1439 2451; x_wconf 89' lang='lat' dir='ltr'><strong>deinde</strong></span> <span class='ocrx_word' id='word_1_118' title='bbox 1475 2408 1533 2451; x_wconf 89' lang='lat' dir='ltr'><strong>nos</strong></span> 
     </span>
     <span class='ocr_line' id='line_1_16' title="bbox 489 2486 1533 2576; baseline 0 -22"><span class='ocrx_word' id='word_1_119' title='bbox 489 2487 643 2554; x_wconf 88' lang='lat' dir='ltr'><strong>“abbati</strong></span> <span class='ocrx_word' id='word_1_120' title='bbox 665 2493 778 2553; x_wconf 87' lang='lat' dir='ltr'><strong>nostro</strong></span> <span class='ocrx_word' id='word_1_121' title='bbox 800 2486 1004 2572; x_wconf 83' lang='lat' dir='ltr'><strong>paruerimus</strong></span> <span class='ocrx_word' id='word_1_122' title='bbox 1029 2510 1103 2553; x_wconf 87' lang='lat' dir='ltr'><strong>cum</strong></span> <span class='ocrx_word' id='word_1_123' title='bbox 1125 2487 1245 2553; x_wconf 83' lang='lat' dir='ltr'><strong>effectu</strong></span> <span class='ocrx_word' id='word_1_124' title='bbox 1276 2495 1310 2553; x_wconf 88' lang='lat' dir='ltr'><strong>et</strong></span> <span class='ocrx_word' id='word_1_125' title='bbox 1343 2487 1449 2554; x_wconf 87' lang='lat' dir='ltr'><strong>eidem</strong></span> <span class='ocrx_word' id='word_1_126' title='bbox 1476 2510 1533 2576; x_wconf 86' lang='lat' dir='ltr'><strong>pa·</strong></span> 
     </span>
     <span class='ocr_line' id='line_1_17' title="bbox 488 2587 1533 2675; baseline -0.001 -18"><span class='ocrx_word' id='word_1_127' title='bbox 488 2599 506 2628; x_wconf 91' lang='lat'><strong>“</strong></span> <span class='ocrx_word' id='word_1_128' title='bbox 528 2612 598 2657; x_wconf 88' lang='lat' dir='ltr'><strong>rere</strong></span> <span class='ocrx_word' id='word_1_129' title='bbox 615 2590 687 2674; x_wconf 89' lang='lat' dir='ltr'><strong>jam</strong></span> <span class='ocrx_word' id='word_1_130' title='bbox 709 2589 826 2675; x_wconf 88' lang='lat' dir='ltr'><strong>parati,</strong></span> <span class='ocrx_word' id='word_1_131' title='bbox 849 2587 1060 2674; x_wconf 88' lang='lat' dir='ltr'><strong>ejusdemque</strong></span> <span class='ocrx_word' id='word_1_132' title='bbox 1081 2589 1118 2654; x_wconf 88' lang='lat' dir='ltr'><strong>in</strong></span> <span class='ocrx_word' id='word_1_133' title='bbox 1139 2590 1292 2655; x_wconf 90' lang='lat' dir='ltr'><strong>omnibus</strong></span> <span class='ocrx_word' id='word_1_134' title='bbox 1313 2611 1373 2656; x_wconf 91' lang='lat' dir='ltr'><strong>nos</strong></span> <span class='ocrx_word' id='word_1_135' title='bbox 1395 2590 1533 2656; x_wconf 86' lang='lat' dir='ltr'><strong>submit-</strong></span> 
     </span>
     <span class='ocr_line' id='line_1_18' title="bbox 489 2690 1532 2778; baseline 0 -20"><span class='ocrx_word' id='word_1_136' title='bbox 489 2702 506 2730; x_wconf 88' lang='lat'><strong>“</strong></span> <span class='ocrx_word' id='word_1_137' title='bbox 530 2699 636 2760; x_wconf 87' lang='lat' dir='ltr'><strong>tentes</strong></span> <span class='ocrx_word' id='word_1_138' title='bbox 664 2691 791 2778; x_wconf 86' lang='lat' dir='ltr'><strong>judicio</strong></span> <span class='ocrx_word' id='word_1_139' title='bbox 813 2696 848 2755; x_wconf 87' lang='lat' dir='ltr'><strong>et</strong></span> <span class='ocrx_word' id='word_1_140' title='bbox 881 2690 1047 2769; x_wconf 88' lang='lat' dir='ltr'><strong>mandato,</strong></span> <span class='ocrx_word' id='word_1_141' title='bbox 1070 2692 1098 2756; x_wconf 91' lang='lat' dir='ltr'><strong>si</strong></span> <span class='ocrx_word' id='word_1_142' title='bbox 1129 2692 1211 2776; x_wconf 90' lang='lat' dir='ltr'><strong>quid</strong></span> <span class='ocrx_word' id='word_1_143' title='bbox 1233 2692 1339 2757; x_wconf 90' lang='lat' dir='ltr'><strong>eidem</strong></span> <span class='ocrx_word' id='word_1_144' title='bbox 1371 2691 1459 2758; x_wconf 79' lang='lat' dir='ltr'><strong>facto</strong></span> <span class='ocrx_word' id='word_1_145' title='bbox 1480 2692 1532 2758; x_wconf 82' lang='lat' dir='ltr'><strong>vel</strong></span> 
     </span>
     <span class='ocr_line' id='line_1_19' title="bbox 432 2793 1532 2880; baseline -0.003 -18"><span class='ocrx_word' id='word_1_146' title='bbox 432 2813 436 2822; x_wconf 88' lang='grc'><strong>’</strong></span> <span class='ocrx_word' id='word_1_147' title='bbox 489 2805 507 2832; x_wconf 88' lang='grc'><strong>“</strong></span> <span class='ocrx_word' id='word_1_148' title='bbox 529 2796 629 2862; x_wconf 87' lang='lat' dir='ltr'><strong>verbo</strong></span> <span class='ocrx_word' id='word_1_149' title='bbox 651 2793 882 2880; x_wconf 88' lang='lat' dir='ltr'><strong>deliquerimus</strong></span> <span class='ocrx_word' id='word_1_150' title='bbox 904 2793 941 2856; x_wconf 92' lang='lat' dir='ltr'><strong>in</strong></span> <span class='ocrx_word' id='word_1_151' title='bbox 963 2793 1113 2870; x_wconf 86' lang='lat' dir='ltr'><strong>instanti,</strong></span> <span class='ocrx_word' id='word_1_152' title='bbox 1136 2793 1255 2860; x_wconf 86' lang='lat' dir='ltr'><strong>ideireo</strong></span> <span class='ocrx_word' id='word_1_153' title='bbox 1284 2793 1399 2858; x_wconf 86' lang='lat' dir='ltr'><strong>abbati</strong></span> <span class='ocrx_word' id='word_1_154' title='bbox 1420 2799 1532 2859; x_wconf 86' lang='lat' dir='ltr'><strong>nostro</strong></span> 
     </span>
     <span class='ocr_line' id='line_1_20' title="bbox 488 2895 1533 2976; baseline -0.003 -12"><span class='ocrx_word' id='word_1_155' title='bbox 488 2909 506 2936; x_wconf 91' lang='lat'>“</span> <span class='ocrx_word' id='word_1_156' title='bbox 529 2897 724 2974; x_wconf 86' lang='lat' dir='ltr'><strong>obediemus,</strong></span> <span class='ocrx_word' id='word_1_157' title='bbox 763 2895 941 2961; x_wconf 86' lang='lat' dir='ltr'><strong>secundum</strong></span> <span class='ocrx_word' id='word_1_158' title='bbox 979 2896 1085 2960; x_wconf 84' lang='lat' dir='ltr'><strong>nostri</strong></span> <span class='ocrx_word' id='word_1_159' title='bbox 1123 2896 1249 2961; x_wconf 88' lang='lat' dir='ltr'><strong>ordinis</strong></span> <span class='ocrx_word' id='word_1_160' title='bbox 1285 2897 1462 2976; x_wconf 76' lang='lat' dir='ltr'><strong>instituta5</strong></span> <span class='ocrx_word' id='word_1_161' title='bbox 1497 2903 1533 2962; x_wconf 89' lang='lat' dir='ltr'><strong>et</strong></span> 
     </span>
     <span class='ocr_line' id='line_1_21' title="bbox 486 2996 1531 3088; baseline -0.002 -22"><span class='ocrx_word' id='word_1_162' title='bbox 486 3012 503 3036; x_wconf 83' lang='lat'><strong>‘¹</strong></span> <span class='ocrx_word' id='word_1_163' title='bbox 527 3001 606 3088; x_wconf 89' lang='lat' dir='ltr'><strong>quia</strong></span> <span class='ocrx_word' id='word_1_164' title='bbox 638 3001 687 3064; x_wconf 93' lang='lat' dir='ltr'><strong>nil</strong></span> <span class='ocrx_word' id='word_1_165' title='bbox 709 2999 835 3086; x_wconf 85' lang='lat' dir='ltr'><strong>egimus</strong></span> <span class='ocrx_word' id='word_1_166' title='bbox 866 2996 954 3062; x_wconf 89' lang='lat' dir='ltr'><strong>unde</strong></span> <span class='ocrx_word' id='word_1_167' title='bbox 976 2997 1022 3062; x_wconf 86' lang='lat' dir='ltr'><strong>sie</strong></span> <span class='ocrx_word' id='word_1_168' title='bbox 1053 2998 1148 3062; x_wconf 81' lang='lat' dir='ltr'><strong>citari</strong></span> <span class='ocrx_word' id='word_1_169' title='bbox 1171 3003 1268 3062; x_wconf 84' lang='lat' dir='ltr'><strong>extra</strong></span> <span class='ocrx_word' id='word_1_170' title='bbox 1298 3000 1531 3064; x_wconf 86' lang='lat' dir='ltr'><strong>monasterium</strong></span> 
     </span>
     <span class='ocr_line' id='line_1_22' title="bbox 489 3099 1531 3170; baseline -0.004 0"><span class='ocrx_word' id='word_1_171' title='bbox 489 3111 506 3140; x_wconf 86' lang='lat'><strong>“</strong></span> <span class='ocrx_word' id='word_1_172' title='bbox 528 3110 678 3170; x_wconf 83' lang='lat' dir='ltr'><strong>nostrum</strong></span> <span class='ocrx_word' id='word_1_173' title='bbox 700 3107 760 3167; x_wconf 88' lang='lat' dir='ltr'><strong>aut</strong></span> <span class='ocrx_word' id='word_1_174' title='bbox 782 3099 985 3166; x_wconf 88' lang='lat' dir='ltr'><strong>audientiam</strong></span> <span class='ocrx_word' id='word_1_175' title='bbox 1014 3100 1144 3165; x_wconf 85' lang='lat' dir='ltr'><strong>abbatis</strong></span> <span class='ocrx_word' id='word_1_176' title='bbox 1166 3100 1272 3164; x_wconf 89' lang='lat' dir='ltr'><strong>nostri</strong></span> <span class='ocrx_word' id='word_1_177' title='bbox 1296 3101 1414 3166; x_wconf 88' lang='lat' dir='ltr'><strong>merito</strong></span> <span class='ocrx_word' id='word_1_178' title='bbox 1437 3101 1531 3166; x_wconf 91' lang='lat' dir='ltr'><strong>debe·</strong></span> 
     </span>
    </p>
   </div>
   <div class='ocr_carea' id='block_1_5' title="bbox 323 3203 1532 3597">
    <p class='ocr_par' dir='ltr' id='par_1_5' title="bbox 490 3203 1531 3293">
     <span class='ocr_line' id='line_1_23' title="bbox 490 3203 1531 3293; baseline -0.004 -21"><span class='ocrx_word' id='word_1_179' title='bbox 490 3218 505 3242; x_wconf 79' lang='lat'><strong>‘⁴</strong></span> <span class='ocrx_word' id='word_1_180' title='bbox 528 3205 847 3293; x_wconf 74' lang='lat' dir='ltr'><strong>amus31preoamur</strong></span> <span class='ocrx_word' id='word_1_181' title='bbox 862 3203 1099 3291; x_wconf 81' lang='lat' dir='ltr'><strong>paternitatem</strong></span> <span class='ocrx_word' id='word_1_182' title='bbox 1114 3207 1260 3268; x_wconf 88' lang='lat' dir='ltr'><strong>vestram</strong></span> <span class='ocrx_word' id='word_1_183' title='bbox 1276 3208 1439 3288; x_wconf 85' lang='lat' dir='ltr'><strong>quatenus</strong></span> <span class='ocrx_word' id='word_1_184' title='bbox 1461 3225 1531 3290; x_wconf 91' lang='lat' dir='ltr'><strong>per-</strong></span> 
     </span>
    </p>

    <p class='ocr_par' dir='ltr' id='par_1_6' title="bbox 489 3304 1532 3394">
     <span class='ocr_line' id='line_1_24' title="bbox 489 3304 1532 3394; baseline -0.007 -19"><span class='ocrx_word' id='word_1_185' title='bbox 489 3317 506 3346; x_wconf 87' lang='lat'><strong>“</strong></span> <span class='ocrx_word' id='word_1_186' title='bbox 529 3309 673 3375; x_wconf 83' lang='lat' dir='ltr'><strong>mittatis</strong></span> <span class='ocrx_word' id='word_1_187' title='bbox 694 3329 754 3372; x_wconf 88' lang='lat' dir='ltr'><strong>nos</strong></span> <span class='ocrx_word' id='word_1_188' title='bbox 776 3310 891 3394; x_wconf 88' lang='lat' dir='ltr'><strong>optata</strong></span> <span class='ocrx_word' id='word_1_189' title='bbox 908 3305 979 3390; x_wconf 89' lang='lat' dir='ltr'><strong>jam</strong></span> <span class='ocrx_word' id='word_1_190' title='bbox 1002 3327 1081 3391; x_wconf 82' lang='lat' dir='ltr'><strong>paee</strong></span> <span class='ocrx_word' id='word_1_191' title='bbox 1103 3304 1238 3369; x_wconf 87' lang='lat' dir='ltr'><strong>insimul</strong></span> <span class='ocrx_word' id='word_1_192' title='bbox 1265 3305 1476 3392; x_wconf 84' lang='lat' dir='ltr'><strong>congaudere,</strong></span> <span class='ocrx_word' id='word_1_193' title='bbox 1498 3309 1532 3370; x_wconf 90' lang='lat' dir='ltr'><strong>et</strong></span> 
     </span>
    </p>

    <p class='ocr_par' dir='ltr' id='par_1_7' title="bbox 323 3407 1531 3597">
     <span class='ocr_line' id='line_1_25' title="bbox 489 3407 1531 3493; baseline -0.005 -16"><span class='ocrx_word' id='word_1_194' title='bbox 489 3419 507 3448; x_wconf 90' lang='lat'><strong>“</strong></span> <span class='ocrx_word' id='word_1_195' title='bbox 530 3411 643 3477; x_wconf 86' lang='lat' dir='ltr'><strong>abbati</strong></span> <span class='ocrx_word' id='word_1_196' title='bbox 666 3415 787 3489; x_wconf 91' lang='lat' dir='ltr'><strong>nostro,</strong></span> <span class='ocrx_word' id='word_1_197' title='bbox 810 3414 850 3474; x_wconf 94' lang='lat' dir='ltr'><strong>ut</strong></span> <span class='ocrx_word' id='word_1_198' title='bbox 836 3407 1110 3486; x_wconf 84' lang='lat' dir='ltr'><strong>tdesideramus‚</strong></span> <span class='ocrx_word' id='word_1_199' title='bbox 1134 3407 1249 3493; x_wconf 88' lang='lat' dir='ltr'><strong>subj&#39;</strong></span> <span class='ocrx_word' id='word_1_200' title='bbox 1210 3430 1252 3472; x_wconf 80' lang='grc' dir='ltr'><strong>ιοι</strong></span> <span class='ocrx_word' id='word_1_201' title='bbox 1283 3430 1358 3472; x_wconf 83' lang='lat' dir='ltr'><strong>eum</strong></span> <span class='ocrx_word' id='word_1_202' title='bbox 1391 3407 1531 3473; x_wconf 66' lang='lat' dir='ltr'><strong>effectul&#39;</strong></span> 
     </span>
     <span class='ocr_line' id='line_1_26' title="bbox 323 3509 1532 3597; baseline -0.004 -18"><span class='ocrx_word' id='word_1_203' title='bbox 323 3519 410 3570; x_wconf 83' lang='lat' dir='ltr'><strong>Abbot</strong></span> <span class='ocrx_word' id='word_1_204' title='bbox 489 3513 565 3578; x_wconf 88' lang='lat' dir='ltr'><strong>Hiis</strong></span> <span class='ocrx_word' id='word_1_205' title='bbox 587 3513 637 3578; x_wconf 88' lang='lat' dir='ltr'><strong>ita</strong></span> <span class='ocrx_word' id='word_1_206' title='bbox 659 3511 764 3589; x_wconf 86' lang='lat' dir='ltr'><strong>dietis,</strong></span> <span class='ocrx_word' id='word_1_207' title='bbox 780 3509 882 3575; x_wconf 88' lang='lat' dir='ltr'><strong>abbas</strong></span> <span class='ocrx_word' id='word_1_208' title='bbox 904 3515 979 3574; x_wconf 89' lang='lat' dir='ltr'><strong>nost</strong></span> <span class='ocrx_word' id='word_1_209' title='bbox 980 3531 1023 3587; x_wconf 89' lang='lat' dir='ltr'><strong>er,</strong></span> <span class='ocrx_word' id='word_1_210' title='bbox 1047 3509 1155 3574; x_wconf 86' lang='lat' dir='ltr'><strong>neseio</strong></span> <span class='ocrx_word' id='word_1_211' title='bbox 1178 3533 1243 3595; x_wconf 92' lang='lat' dir='ltr'><strong>quo</strong></span> <span class='ocrx_word' id='word_1_212' title='bbox 1266 3510 1386 3576; x_wconf 85' lang='lat' dir='ltr'><strong>duetus</strong></span> <span class='ocrx_word' id='word_1_213' title='bbox 1405 3510 1532 3597; x_wconf 89' lang='lat' dir='ltr'><strong>spiritu,</strong></span> 
     </span>
    </p>
   </div>
   <div class='ocr_carea' id='block_1_6' title="bbox 322 3587 1533 3702">
    <p class='ocr_par' dir='ltr' id='par_1_8' title="bbox 322 3587 1533 3702">
     <span class='ocr_line' id='line_1_27' title="bbox 322 3587 1533 3702; baseline -0.004 -21"><span class='ocrx_word' id='word_1_214' title='bbox 322 3587 419 3702; x_wconf 50' lang='lat' dir='ltr'><strong>{²2¹ssss</strong></span> <span class='ocrx_word' id='word_1_215' title='bbox 489 3638 600 3682; x_wconf 88' lang='lat' dir='ltr'><strong>eorum</strong></span> <span class='ocrx_word' id='word_1_216' title='bbox 631 3613 805 3678; x_wconf 83' lang='lat' dir='ltr'><strong>admittere</strong></span> <span class='ocrx_word' id='word_1_217' title='bbox 828 3611 1079 3676; x_wconf 88' lang='lat' dir='ltr'><strong>submissionem</strong></span> <span class='ocrx_word' id='word_1_218' title='bbox 1110 3611 1283 3690; x_wconf 84' lang='lat' dir='ltr'><strong>recusavit,</strong></span> <span class='ocrx_word' id='word_1_219' title='bbox 1306 3611 1456 3677; x_wconf 88' lang='lat' dir='ltr'><strong>dioens&#39;</strong></span> <span class='ocrx_word' id='word_1_220' title='bbox 1446 3633 1533 3697; x_wconf 82' lang='lat' dir='ltr'><strong>ipsos</strong></span> 
     </span>
    </p>
   </div>
   <div class='ocr_carea' id='block_1_7' title="bbox 322 3713 1534 4416">
    <p class='ocr_par' dir='ltr' id='par_1_9' title="bbox 322 3713 1533 4416">
     <span class='ocr_line' id='line_1_28' title="bbox 322 3713 1533 3805; baseline -0.004 -22"><span class='ocrx_word' id='word_1_221' title='bbox 322 3718 374 3767; x_wconf 69' lang='lat' dir='ltr'><strong>thd</strong></span> <span class='ocrx_word' id='word_1_222' title='bbox 367 3733 406 3766; x_wconf 82' lang='lat' dir='ltr'><strong>r</strong></span> <span class='ocrx_word' id='word_1_223' title='bbox 399 3719 457 3768; x_wconf 66' lang='grc' dir='ltr'><strong>ωδ·</strong></span> <span class='ocrx_word' id='word_1_224' title='bbox 488 3717 592 3805; x_wconf 90' lang='lat' dir='ltr'><strong>patris</strong></span> <span class='ocrx_word' id='word_1_225' title='bbox 607 3713 738 3782; x_wconf 89' lang='lat' dir='ltr'><strong>abbatis</strong></span> <span class='ocrx_word' id='word_1_226' title='bbox 755 3713 883 3800; x_wconf 84' lang='lat' dir='ltr'><strong>judicio</strong></span> <span class='ocrx_word' id='word_1_227' title='bbox 902 3713 1177 3779; x_wconf 89' lang='lat' dir='ltr'><strong>transmittendos</strong></span> <span class='ocrx_word' id='word_1_228' title='bbox 1200 3735 1282 3799; x_wconf 92' lang='lat' dir='ltr'><strong>quos</strong></span> <span class='ocrx_word' id='word_1_229' title='bbox 1303 3715 1350 3778; x_wconf 88' lang='lat' dir='ltr'><strong>sio</strong></span> <span class='ocrx_word' id='word_1_230' title='bbox 1364 3715 1533 3780; x_wconf 83' lang='lat' dir='ltr'><strong>effraenata</strong></span> 
     </span>
     <span class='ocr_line' id='line_1_29' title="bbox 322 3799 1532 3904; baseline -0.007 -16"><span class='ocrx_word' id='word_1_231' title='bbox 322 3783 432 3835; x_wconf 68' lang='lat' dir='ltr'><strong>marim</strong></span> <span class='ocrx_word' id='word_1_232' title='bbox 488 3819 692 3887; x_wconf 81' lang='lat' dir='ltr'><strong>contumacia</strong></span> <span class='ocrx_word' id='word_1_233' title='bbox 705 3817 896 3904; x_wconf 86' lang='lat' dir='ltr'><strong>eaptivavit,</strong></span> <span class='ocrx_word' id='word_1_234' title='bbox 912 3839 951 3881; x_wconf 86' lang='lat' dir='ltr'><strong>ao</strong></span> <span class='ocrx_word' id='word_1_235' title='bbox 972 3816 1099 3902; x_wconf 92' lang='lat' dir='ltr'><strong>quode</strong></span> <span class='ocrx_word' id='word_1_236' title='bbox 1081 3836 1194 3880; x_wconf 89' lang='lat' dir='ltr'><strong>eorum</strong></span> <span class='ocrx_word' id='word_1_237' title='bbox 1213 3821 1323 3880; x_wconf 88' lang='lat' dir='ltr'><strong>errata</strong></span> <span class='ocrx_word' id='word_1_238' title='bbox 1344 3816 1532 3881; x_wconf 81' lang='lat' dir='ltr'><strong>nullatenus</strong></span> 
     </span>
     <span class='ocr_line' id='line_1_30' title="bbox 488 3917 1532 4006; baseline -0.005 -19"><span class='ocrx_word' id='word_1_239' title='bbox 488 3923 597 3988; x_wconf 90' lang='lat' dir='ltr'><strong>voluit</strong></span> <span class='ocrx_word' id='word_1_240' title='bbox 627 3919 835 3987; x_wconf 83' lang='lat' dir='ltr'><strong>correctionis</strong></span> <span class='ocrx_word' id='word_1_241' title='bbox 866 3919 974 4006; x_wconf 83' lang='lat' dir='ltr'><strong>gratia</strong></span> <span class='ocrx_word' id='word_1_242' title='bbox 1006 3918 1186 3996; x_wconf 66' lang='lat' dir='ltr'><strong>refrenare,</strong></span> <span class='ocrx_word' id='word_1_243' title='bbox 1209 3917 1265 3982; x_wconf 87' lang='lat' dir='ltr'><strong>sed</strong></span> <span class='ocrx_word' id='word_1_244' title='bbox 1298 3919 1393 4004; x_wconf 81' lang='lat' dir='ltr'><strong>patri¹</strong></span> <span class='ocrx_word' id='word_1_245' title='bbox 1418 3918 1532 3982; x_wconf 79' lang='lat' dir='ltr'><strong>abbati</strong></span> 
     </span>
     <span class='ocr_line' id='line_1_31' title="bbox 488 4019 1532 4107; baseline -0.004 -18"><span class='ocrx_word' id='word_1_246' title='bbox 488 4023 712 4090; x_wconf 82' lang='lat' dir='ltr'><strong>transmittere</strong></span> <span class='ocrx_word' id='word_1_247' title='bbox 735 4021 885 4088; x_wconf 84' lang='lat' dir='ltr'><strong>terminis</strong></span> <span class='ocrx_word' id='word_1_248' title='bbox 915 4020 1104 4106; x_wconf 81' lang='lat' dir='ltr'><strong>praelibatis,</strong></span> <span class='ocrx_word' id='word_1_249' title='bbox 1127 4019 1305 4084; x_wconf 87' lang='lat' dir='ltr'><strong>seeundum</strong></span> <span class='ocrx_word' id='word_1_250' title='bbox 1336 4021 1424 4106; x_wconf 90' lang='lat' dir='ltr'><strong>quod</strong></span> <span class='ocrx_word' id='word_1_251' title='bbox 1446 4021 1532 4107; x_wconf 88' lang='lat' dir='ltr'><strong>ipsos</strong></span> 
     </span>
     <span class='ocr_line' id='line_1_32' title="bbox 490 4122 1531 4211; baseline -0.005 -18"><span class='ocrx_word' id='word_1_252' title='bbox 490 4149 599 4194; x_wconf 89' lang='lat' dir='ltr'><strong>coram</strong></span> <span class='ocrx_word' id='word_1_253' title='bbox 636 4147 696 4190; x_wconf 89' lang='lat' dir='ltr'><strong>sua</strong></span> <span class='ocrx_word' id='word_1_254' title='bbox 726 4123 902 4211; x_wconf 87' lang='lat' dir='ltr'><strong>praesentia</strong></span> <span class='ocrx_word' id='word_1_255' title='bbox 943 4123 1061 4187; x_wconf 84' lang='lat' dir='ltr'><strong>citavit</strong></span> <span class='ocrx_word' id='word_1_256' title='bbox 1092 4122 1304 4208; x_wconf 86' lang='lat' dir='ltr'><strong>personaliter</strong></span> <span class='ocrx_word' id='word_1_257' title='bbox 1337 4143 1531 4209; x_wconf 84' lang='lat' dir='ltr'><strong>comparere.</strong></span> 
     </span>
     <span class='ocr_line' id='line_1_33' title="bbox 324 4223 1534 4315; baseline -0.003 -22.99"><span class='ocrx_word' id='word_1_258' title='bbox 324 4243 397 4306; x_wconf 76' lang='lat' dir='ltr'><strong>They</strong></span> <span class='ocrx_word' id='word_1_259' title='bbox 408 4259 452 4306; x_wconf 66' lang='grc' dir='ltr'><strong>ψ</strong></span> <span class='ocrx_word' id='word_1_260' title='bbox 490 4229 586 4295; x_wconf 89' lang='lat' dir='ltr'><strong>Sed</strong></span> <span class='ocrx_word' id='word_1_261' title='bbox 577 4228 640 4315; x_wconf 83' lang='lat' dir='ltr'><strong>rpsi</strong></span> <span class='ocrx_word' id='word_1_262' title='bbox 664 4228 807 4313; x_wconf 90' lang='lat' dir='ltr'><strong>quinque</strong></span> <span class='ocrx_word' id='word_1_263' title='bbox 831 4225 876 4290; x_wconf 88' lang='lat' dir='ltr'><strong>sio</strong></span> <span class='ocrx_word' id='word_1_264' title='bbox 899 4223 1001 4302; x_wconf 82' lang='lat' dir='ltr'><strong>citati,</strong></span> <span class='ocrx_word' id='word_1_265' title='bbox 1025 4223 1124 4288; x_wconf 88' lang='lat' dir='ltr'><strong>aliter</strong></span> <span class='ocrx_word' id='word_1_266' title='bbox 1145 4223 1353 4304; x_wconf 84' lang='lat' dir='ltr'><strong>meditantes,</strong></span> <span class='ocrx_word' id='word_1_267' title='bbox 1376 4225 1419 4290; x_wconf 86' lang='lat' dir='ltr'><strong>ad</strong></span> <span class='ocrx_word' id='word_1_268' title='bbox 1441 4223 1534 4289; x_wconf 90' lang='lat' dir='ltr'><strong>audi-</strong></span> 
     </span>
     <span class='ocr_line' id='line_1_34' title="bbox 325 4309 1532 4416; baseline -0.007 -17"><span class='ocrx_word' id='word_1_269' title='bbox 325 4309 470 4372; x_wconf 78' lang='lat' dir='ltr'><strong>pealtothe</strong></span> <span class='ocrx_word' id='word_1_270' title='bbox 489 4331 612 4398; x_wconf 87' lang='lat' dir='ltr'><strong>entiam</strong></span> <span class='ocrx_word' id='word_1_271' title='bbox 636 4328 770 4416; x_wconf 85' lang='lat' dir='ltr'><strong>eapituli</strong></span> <span class='ocrx_word' id='word_1_272' title='bbox 792 4326 960 4414; x_wconf 82' lang='lat' dir='ltr'><strong>generalis,</strong></span> <span class='ocrx_word' id='word_1_273' title='bbox 976 4332 1010 4390; x_wconf 90' lang='lat' dir='ltr'><strong>et</strong></span> <span class='ocrx_word' id='word_1_274' title='bbox 1032 4326 1069 4390; x_wconf 93' lang='lat' dir='ltr'><strong>in</strong></span> <span class='ocrx_word' id='word_1_275' title='bbox 1084 4325 1213 4392; x_wconf 81' lang='lat' dir='ltr'><strong>defectu</strong></span> <span class='ocrx_word' id='word_1_276' title='bbox 1235 4326 1278 4391; x_wconf 84' lang='lat' dir='ltr'><strong>ad</strong></span> <span class='ocrx_word' id='word_1_277' title='bbox 1295 4329 1532 4392; x_wconf 72' lang='lat' dir='ltr'><strong>sacrosanctam</strong></span> 
     </span>
    </p>
   </div>
   <div class='ocr_carea' id='block_1_8' title="bbox 324 4377 1532 4520">
    <p class='ocr_par' dir='ltr' id='par_1_10' title="bbox 324 4377 1532 4520">
     <span class='ocr_line' id='line_1_35' title="bbox 324 4377 1532 4520; baseline -0.012 -14"><span class='ocrx_word' id='word_1_278' title='bbox 324 4377 435 4506; x_wconf 62' lang='lat' dir='ltr'><strong>{diiii</strong></span> <span class='ocrx_word' id='word_1_279' title='bbox 489 4436 598 4504; x_wconf 87' lang='lat' dir='ltr'><strong>sedem</strong></span> <span class='ocrx_word' id='word_1_280' title='bbox 621 4430 883 4520; x_wconf 86' lang='lat' dir='ltr'><strong>apostolioamet</strong></span> <span class='ocrx_word' id='word_1_281' title='bbox 906 4429 1031 4494; x_wconf 82' lang='lat' dir='ltr'><strong>suriam</strong></span> <span class='ocrx_word' id='word_1_282' title='bbox 1048 4428 1239 4508; x_wconf 87' lang='lat' dir='ltr'><strong>Romanam,</strong></span> <span class='ocrx_word' id='word_1_283' title='bbox 1256 4449 1294 4495; x_wconf 87' lang='lat' dir='ltr'><strong>ae</strong></span> <span class='ocrx_word' id='word_1_284' title='bbox 1316 4450 1375 4516; x_wconf 90' lang='lat' dir='ltr'><strong>pro</strong></span> <span class='ocrx_word' id='word_1_285' title='bbox 1391 4428 1532 4494; x_wconf 87' lang='lat' dir='ltr'><strong>tuitione</strong></span> 
     </span>
    </p>
   </div>
   <div class='ocr_carea' id='block_1_9' title="bbox 490 4682 1532 4827">
    <p class='ocr_par' dir='ltr' id='par_1_11' title="bbox 490 4682 1532 4827">
     <span class='ocr_line' id='line_1_36' title="bbox 524 4682 1532 4752; baseline -0.011 -8"><span class='ocrx_word' id='word_1_286' title='bbox 524 4695 531 4726; x_wconf 88' lang='lat'>¹</span> <span class='ocrx_word' id='word_1_287' title='bbox 548 4695 624 4744; x_wconf 80' lang='lat' dir='ltr'><strong>After</strong></span> <span class='ocrx_word' id='word_1_288' title='bbox 640 4691 775 4752; x_wconf 80' lang='lat' dir='ltr'><strong>debeamus,</strong></span> <span class='ocrx_word' id='word_1_289' title='bbox 795 4688 843 4738; x_wconf 86' lang='lat' dir='ltr'><strong>nisi</strong></span> <span class='ocrx_word' id='word_1_290' title='bbox 859 4687 888 4736; x_wconf 92' lang='lat' dir='ltr'><strong>in</strong></span> <span class='ocrx_word' id='word_1_291' title='bbox 906 4701 966 4736; x_wconf 85' lang='lat' dir='ltr'><strong>casu</strong></span> <span class='ocrx_word' id='word_1_292' title='bbox 985 4701 1035 4750; x_wconf 89' lang='lat' dir='ltr'><strong>quo</strong></span> <span class='ocrx_word' id='word_1_293' title='bbox 1051 4683 1203 4735; x_wconf 83' lang='lat' dir='ltr'><strong>noluerimus</strong></span> <span class='ocrx_word' id='word_1_294' title='bbox 1219 4684 1304 4738; x_wconf 84' lang='lat' dir='ltr'><strong>abbati</strong></span> <span class='ocrx_word' id='word_1_295' title='bbox 1321 4689 1406 4736; x_wconf 84' lang='lat' dir='ltr'><strong>nostro</strong></span> <span class='ocrx_word' id='word_1_296' title='bbox 1423 4682 1532 4734; x_wconf 72' lang='lat' dir='ltr'><strong>obedires</strong></span> 
     </span>
     <span class='ocr_line' id='line_1_37' title="bbox 490 4772 682 4827; baseline -0.021 0"><span class='ocrx_word' id='word_1_297' title='bbox 490 4775 576 4827; x_wconf 80' lang='lat' dir='ltr'><strong>erased</strong></span> <span class='ocrx_word' id='word_1_298' title='bbox 587 4773 616 4825; x_wconf 90' lang='lat' dir='ltr'><strong>in</strong></span> <span class='ocrx_word' id='word_1_299' title='bbox 626 4772 682 4824; x_wconf 87' lang='lat' dir='ltr'><strong>MS.</strong></span> 
     </span>
    </p>
   </div>
   <div class='ocr_carea' id='block_1_10' title="bbox 0 0 1794 5874">
    <p class='ocr_par' dir='ltr' id='par_1_12' title="bbox 0 0 1794 5874">
     <span class='ocr_line' id='line_1_38' title="bbox 0 0 1794 5874; baseline 0 1"><span class='ocrx_word' id='word_1_300' title='bbox 0 0 1794 5874; x_wconf 95' lang='lat' dir='ltr'><strong> </strong></span> 
     </span>
    </p>
   </div>
  </div>
 </body>
</html>
