3578 5874
495 892 633 944 rsonae
655 893 763 942 sauss
786 891 902 942 nouos
924 891 1082 941 Dromos
1241 877 1305 940 269

263 1069 307 1134 ad
329 1068 453 1136 curiam
485 1070 721 1136 Eboraoensem
753 1073 976 1158 provocantes,
1009 1068 1097 1134 infra
1128 1066 1305 1132 terminum
1319 1073 1463 1191 egaram

263 1193 284 1235 a
312 1193 388 1257 Jure
421 1171 603 1238 limitatum
636 1172 747 1238 debite
781 1172 997 1260 appellarunt,
1037 1193 1075 1236 ac
1108 1170 1149 1236 ad
1183 1169 1307 1234 curiam
1318 1147 1349 1190 '¹

265 1272 446 1339 Romanam
470 1295 581 1340 omnes
596 1275 741 1361 quinque
763 1275 888 1362 pariter
902 1274 1095 1360 effugerunt.
1142 1272 1211 1339 Ubi
1233 1293 1308 1336 cum
1319 1223 1474 1341 bdlhffeeddit

263 1376 474 1442 advenissent
508 1383 542 1442 et
576 1377 846 1464 supplicationem
886 1377 1018 1442 domino
1052 1398 1145 1463 papae
1176 1355 1444 1486 porrex-ssfllzgmffl

264 1476 375 1556 issent,
411 1477 597 1563 hujusmodi
630 1479 863 1555 continentem,
888 1477 983 1564 quod,
1018 1483 1165 1564 tempore
1201 1477 1310 1542 electi·
1321 1512 1399 1562 Their
1410 1529 1460 1564 me-

265 1579 337 1644 onis
371 1579 571 1646 celebrandae
594 1581 631 1645 in
659 1586 772 1646 nostro
801 1579 1000 1645 monasterio
1030 1579 1071 1644 de
1095 1578 1205 1656 Melea,
1228 1579 1446 1666 prae-m0rislto

264 1679 353 1746 fatue
384 1681 536 1747 dominus
560 1682 701 1748 Thomas
724 1683 863 1760 Burton,
887 1683 922 1746 vi
945 1687 979 1748 et
1001 1682 1153 1767 potentia
1184 1645 1445 1747 dominiuepope.

265 1781 398 1850 Thomae
436 1783 477 1848 da
511 1783 675 1850 Wodstok
713 1785 804 1850 ducis
848 1782 1070 1863 Glaucestriae,
1107 1784 1233 1849 domini
1270 1783 1310 1848 de

267 1882 469 1952 Holdernees
499 1891 533 1952 et
566 1887 751 1952 fundatoris
784 1886 890 1951 nostri
927 1886 1127 1960 monasterii,
1162 1886 1220 1972 qui
1253 1907 1312 1972 per

263 1986 395 2052 litteras
421 2009 496 2053 suas
519 1987 695 2056 senescallo
728 2009 766 2053 ac
799 1988 926 2054 caeteris
949 1989 1016 2054 suis
1050 1987 1239 2053 officialibus
1270 1987 1311 2052 de

266 2087 467 2166 Holdemess
500 2091 657 2176 predicta
692 2089 827 2156 dederat
859 2091 896 2154 in
929 2088 1103 2170 mandatis,
1126 2087 1309 2175 quatenus¹

265 2189 412 2256 nolentes
440 2191 592 2256 electioni
617 2191 699 2257 dicti
724 2191 850 2257 domini
872 2191 1007 2257 Thomae
1029 2192 1157 2258 Burton
1179 2211 1311 2256 consen-

265 2293 337 2372 tire,
360 2292 414 2358 vel
447 2293 635 2379 aliqualiter
663 2294 931 2372 contradicentes,
962 2294 1086 2380 absque
1119 2293 1230 2380 aliqua
1261 2315 1311 2358 re-

265 2396 462 2463 tractatione
500 2396 630 2462 vinctos
668 2396 711 2462 ad
750 2397 916 2484 prisonem
954 2418 1047 2462 snam
1094 2397 1135 2462 de
1173 2396 1312 2462 Hedona

266 2498 422 2565 ducerent
454 2499 645 2586 puniendos,
668 2500 713 2566 sic
746 2499 894 2566 intrusus
926 2505 960 2566 et
993 2503 1174 2586 praetensus
1206 2500 1312 2564 nostri

267 2601 644 2668 monasterii'extitisset
670 2607 704 2666 et
727 2623 796 2667 non
816 2598 987 2689 legitime²
1010 2602 1131 2668 electus
1152 2601 1190 2667 in
1211 2601 1312 2666 abba-

265 2708 343 2783 tem,
367 2704 518 2790 quodque
540 2727 598 2790 per
618 2705 844 2769 inordinatum
867 2705 1013 2770 favorem
1035 2705 1160 2770 domini
1176 2705 1313 2771 Roberti

267 2805 398 2892 Burlay,
440 2807 569 2873 abbatis
605 2807 794 2873 monasterii
839 2807 879 2873 de
921 2807 1093 2888 Fontibus,
1130 2808 1313 2874 visitatoris

267 2909 457 2974 monasterii
487 2909 602 2986 nostri,
624 2931 721 2994 quem
747 2909 881 2997 gerebat
913 2908 1072 2974 adversus
1106 2910 1232 2976 dietum
1255 2909 1311 2974 do·

266 3011 394 3076 minum
425 3012 583 3077 Thomam
605 3012 743 3092 Burton,
767 3032 825 3097 per
857 3011 1043 3077 indebitum
1072 3011 1158 3096 juris
1185 3033 1312 3098 proces·

265 3135 348 3194 sum,
379 3113 421 3180 ab
456 3115 612 3180 electione
649 3120 719 3179 tam
753 3113 863 3179 activa
899 3135 996 3198 quarn
1035 3114 1167 3199 passiva
1200 3135 1313 3179 omnes

265 3215 370 3280 nostri
403 3217 593 3282 monasterii
626 3215 794 3302 religiosos
831 3215 964 3301 penitus
998 3215 1203 3293 excludebat,
1238 3238 1311 3282 oum

266 3340 334 3383 non
363 3318 496 3384 iirerant
526 3317 664 3404 alicujus
703 3317 1051 3383 excommunicationis
1092 3318 1313 3384 interdictivae

266 3421 439 3486 sententiis
472 3427 532 3486 aut
567 3420 732 3506 aliquibus
766 3419 957 3485 criminibus
979 3420 1100 3486 irretiti
1129 3423 1189 3484 aut
1219 3420 1313 3484 diffa-

265 3522 355 3600 mati,
379 3527 439 3588 aut
470 3522 589 3608 aliquis
620 3543 732 3588 eorum
764 3521 914 3587 irretitus
944 3542 1002 3586 seu
1032 3521 1230 3601 diffamatus,
1257 3521 1313 3587 sed

265 3624 361 3691 bonae
383 3625 479 3691 famae
517 3624 742 3710 opinionisque
773 3623 885 3690 illesa
915 3623 1105 3690 extitissent
1134 3627 1169 3688 et
1202 3645 1313 3689 eorum

267 3726 407 3812 quilibet
422 3727 610 3806 extitisset;
633 3725 782 3813 acquod
805 3725 871 3812 ipsi
892 3726 1035 3812 religiosi
1058 3724 1163 3791 nostri
1186 3747 1314 3790 monas·

266 3831 343 3895 terii
373 3852 432 3916 per
462 3829 566 3895 dictos
598 3829 769 3894 dominum
792 3829 973 3894 Robertum
995 3828 1129 3912 Burlay,
1161 3827 1312 3893 abbatem

267 3932 309 3998 de
332 3931 503 4012 Fontibus,
536 3952 574 3996 ac
600 3930 758 3996 Thomam
787 3931 894 3996 nostri
925 3929 1116 3996 monasterii
1150 3931 1314 3996 intnrsum

267 4040 301 4100 et
323 4039 530 4120 praetensum,
552 4032 660 4098 indies
681 4032 915 4120 gravabantur,
940 4054 1000 4118 pro
1024 4053 1063 4098 eo
1086 4032 1174 4118 quod
1203 4033 1314 4098 nolue-

266 4143 343 4201 rant
366 4135 553 4221 hujusmodi
575 4135 741 4200 intrusum
764 4139 798 4198 et
821 4139 1018 4220 praetensum
1046 4133 1110 4198 sibi
1139 4134 1314 4200 admittere

268 4240 305 4302 in
329 4237 484 4304 abbatem
498 4241 585 4319 ;-et
608 4242 737 4304 oaetera.
786 4235 870 4301 Iuda
894 4236 1122 4323 supplicabant
1142 4237 1314 4302 sanctitati

268 4339 453 4428 apostolicae
484 4343 647 4425 quatenus
677 4337 719 4404 ab
752 4337 941 4422 hujusmodi
970 4337 1099 4426 injuriis
1131 4345 1165 4404 et
1198 4361 1314 4426 grava

268 4441 413 4508 minibus
435 4441 498 4508 sibi
531 4440 677 4508 indebite
707 4439 817 4516 illatis,
840 4439 1003 4506 informa
1030 4440 1115 4526 juris
1148 4440 1313 4527 appellan-

303 4727 311 4761 ¹
324 4729 401 4780 After
411 4725 698 4793 qmoaa,monasterio
711 4739 768 4777 nos-
844 4723 855 4759 ²
871 4725 986 4792 kqifime]
1005 4725 1128 4792 legittime
1139 4727 1166 4778 in
1176 4729 1232 4782 MS.

269 4817 310 4862 tro
322 4811 440 4874 intrusus,
451 4809 546 4870 erased,
557 4807 614 4860 MS.
