3578 5874
495 887 560 949 252
726 903 867 952 cnonas
890 901 997 952 ussus
1019 904 1136 953 nonus
1157 905 1319 954 unumne.

326 1079 473 1132 A·D·1896
493 1074 659 1155 librarum,
682 1074 737 1161 vij.
761 1075 948 1154 solidorum,
966 1075 1010 1161 vj.
1034 1074 1252 1154 denariorum,
1275 1096 1335 1161 pro
1361 1075 1540 1140 medietate

326 1151 417 1198 '¹³⁹⁹'
432 1231 463 1282 eu
494 1177 591 1243 dictae
623 1177 757 1244 decimae
791 1179 959 1265 exegisset,
985 1198 1046 1242 nos
1075 1176 1120 1263 vj.
1152 1175 1263 1257 libres,
1290 1199 1321 1242 s„
1354 1177 1480 1255 solidos,
1503 1199 1538 1242 x.

326 1245 463 1374 lfrlffln-
494 1278 643 1345 denarios
678 1285 819 1358 tentum,
851 1301 910 1366 pro
940 1280 1139 1345 tenementis
1162 1285 1195 1345 et
1218 1279 1434 1367 proventibus
1457 1285 1540 1344 tem-

326 1371 460 1480 ffiffl
494 1381 661 1468 poralibus
702 1388 737 1448 et
781 1381 1007 1468 spiritualibus
1044 1381 1152 1446 adhuc
1191 1383 1390 1448 monasterio
1427 1387 1539 1447 nostro

281 1543 283 1548 ,
327 1497 446 1548 collector
494 1484 751 1563 remanentibus,
775 1484 1049 1571 persolvebamus,
1080 1505 1118 1548 ac
1141 1505 1198 1570 pro
1225 1485 1377 1570 ccxxxvj.
1402 1483 1539 1562 libretis,

325 1561 463 1682 fflfflx',
494 1587 565 1673 xiij.
589 1587 738 1653 solidatis
761 1591 795 1652 et
817 1585 902 1670 iiije.
919 1585 1100 1651 denariatis
1122 1591 1345 1672 proventuum
1368 1585 1408 1652 de
1431 1585 1539 1663 terris,

326 1696 442 1762 oheqoer.
494 1690 691 1757 tenementis
723 1695 758 1754 et
801 1687 1078 1775 possessionibus¹
1113 1709 1151 1753 ac
1187 1687 1402 1774 proventibus
1439 1688 1539 1754 eccle·

493 1793 616 1858 siarum
649 1791 693 1857 ad
726 1813 786 1856 nos
817 1790 943 1855 dudum
975 1789 1207 1876 spectantibus,
1239 1795 1279 1856 ut
1312 1790 1538 1876 praemittitur,

493 1895 702 1982 consumptis,
732 1895 778 1979 xj.
801 1893 914 1972 libras,
937 1892 1007 1978 xvj.
1030 1892 1161 1968 solidos,
1183 1892 1254 1978 viij.
1277 1893 1436 1970 denarios,
1461 1915 1540 1957 con-

493 2003 662 2064 cernentes
692 1997 823 2082 plenam
857 1994 1054 2060 solutionem
1084 1994 1297 2080 preafatorum
1320 1995 1415 2080 xviij.
1438 1993 1539 2059 libra·

492 2123 574 2180 run,
597 2099 655 2185 vij.
679 2099 864 2177 solidorum,
888 2097 934 2183 vj.
950 2095 1168 2175 denariorum,
1184 2117 1243 2183 pro
1265 2096 1396 2184 integra
1418 2097 1539 2162 medie-

492 2209 562 2269 tate
585 2202 726 2280 decimae,
750 2201 786 2264 in
808 2201 946 2286 praefata
976 2198 1138 2264 solutione
1165 2199 1370 2277 retraximus,
1403 2200 1541 2285 promit·

492 2309 601 2370 tentes
623 2304 711 2368 dicto
733 2301 835 2388 priori
866 2301 906 2366 do
931 2299 1076 2366 Wartria
1098 2301 1206 2388 ipsum
1228 2300 1439 2366 indemnem⁹
1460 2301 1538 2366 inde

493 2428 683 2473 conservare
716 2403 804 2490 apud
827 2403 1023 2468 scaccarium
1056 2402 1181 2467 domini
1204 2401 1291 2488 regis
1320 2402 1473 2488 praedicti
1503 2403 1541 2468 in

492 2507 675 2574 redditione
691 2506 833 2592 compoti
849 2505 908 2569 sui.
944 2505 1013 2570 Nos
1029 2525 1114 2591 ergo,
1130 2526 1205 2570 cum
1220 2504 1264 2569 ad
1278 2505 1539 2591 prosecutionem

492 2611 703 2677 necessariam
740 2609 824 2674 circa
854 2607 1122 2672 exonerationem
1156 2606 1303 2673 debitam
1339 2607 1538 2672 decimarum

492 2735 551 2802 pro
585 2709 887 2798 consumptionibus
913 2707 1094 2796 praelibatis
1116 2729 1177 2774 nos
1199 2729 1480 2796 praeparassemus,
1504 2715 1540 2775 et

492 2817 639 2903 inspecto
676 2811 906 2879 certificatorio
940 2810 1079 2898 praefato
1116 2811 1153 2876 in
1188 2812 1382 2878 scaccarium
1412 2812 1539 2878 domini

493 2919 578 3005 regis
601 2915 699 3004 paulo
721 2920 807 2993 ante,
834 2919 874 2979 ut
903 2913 1128 3000 praemittitur,
1150 2915 1353 2995 transmisso,
1376 2936 1451 2980 cum
1480 2937 1538 2980 ex·

493 3020 658 3108 captiones
690 3017 978 3103 consumptionum
1008 3016 1049 3080 de
1075 3016 1291 3102 proventibus
1315 3017 1536 3104 spiritualium

492 3129 680 3190 nostrorum
701 3183 703 3188 ,
727 3120 762 3184 in
813 3117 952 3206 praefato
997 3118 1227 3184 certificatorio
1266 3121 1400 3185 omissas
1437 3121 1539 3186 abbas

492 3231 604 3291 noster
642 3221 860 3310 comperisset,
899 3220 1055 3285 turbatus
1092 3219 1199 3300 valde,
1236 3221 1281 3286 ad
1314 3222 1539 3308 praescriptam

492 3349 653 3394 summam
688 3325 846 3410 majorem
877 3323 1163 3409 consumptionem
1193 3327 1382 3389 nostrarum
1416 3332 1540 3411 ternpo-

492 3432 610 3496 ralinm
641 3428 914 3514 prsescriptarum
938 3425 1092 3490 videlicet
1119 3447 1162 3492 cc.
1185 3425 1293 3505 libras,
1318 3428 1386 3514 viij.
1410 3427 1538 3505 solidos,

491 3533 533 3619 vj.
557 3531 716 3608 denarios,
741 3531 928 3609 recucurrit,
951 3550 1011 3615 pro
1034 3528 1214 3596 medietate
1237 3530 1370 3596 decimae
1393 3530 1538 3616 ejusdem

492 3657 630 3701 summae
653 3635 693 3699 de
716 3654 748 3697 n.
771 3631 872 3710 libris,
896 3631 929 3718 ij.
954 3631 1075 3708 solidis,
1098 3653 1130 3696 x.
1153 3631 1305 3710 denariis,
1337 3633 1439 3710 obolo,
1463 3655 1537 3698 nec-

492 3761 560 3803 non
592 3743 626 3802 et
648 3735 730 3822 xlvj.
751 3734 870 3814 solidis,
896 3737 916 3798 8
939 3733 1094 3813 denariis,
1116 3755 1175 3820 pro
1198 3735 1374 3800 medietate
1404 3735 1538 3801 decimae

492 3845 714 3926 proventuum
745 3836 969 3925 spiritualium
1000 3841 1191 3901 nostrorum
1213 3843 1487 3924 consumptorum,
1510 3838 1538 3902 si

492 3945 577 4008 forte
599 3943 635 4010 in
649 3941 711 4007 hoc
732 3944 842 4028 posset
866 3937 1055 4024 aliqualiter
1077 3938 1387 4024 praevalere-unde
1411 3961 1540 4005 summa

492 4044 605 4109 totalis
636 4049 686 4108 est
717 4043 772 4129 xij.
794 4042 898 4121 librae,
921 4040 967 4105 ix.
991 4039 1096 4118 solidi,
1119 4040 1162 4126 vj.
1187 4040 1321 4119 denarii,
1346 4041 1482 4122 obolus;
1505 4047 1539 4107 ct

491 4146 701 4212 allocutiones
723 4144 852 4210 debitas
873 4143 1001 4209 ratione
1024 4143 1253 4228 exceptionum
1275 4145 1539 4231 praescripturum

490 4250 526 4314 in
563 4249 700 4335 praefato
737 4245 965 4313 certificatorio
1000 4250 1231 4311 contentarum
1261 4267 1359 4335 super
1389 4253 1539 4333 compoto

490 4349 621 4439 praefati
642 4349 759 4436 prioris
782 4349 822 4413 de
836 4348 982 4414 Wartria
1003 4347 1171 4412 humiliter
1193 4347 1383 4433 postulavit.
1429 4349 1538 4430 Unde,

491 4477 565 4520 oum
588 4451 669 4517 dicti
692 4450 817 4516 domini
838 4451 925 4538 regis
947 4455 1027 4515 tunc
1055 4450 1092 4514 in
1116 4447 1292 4536 Hybernia
1313 4451 1442 4537 agentis
1463 4473 1538 4516 can-

491 4555 648 4634 cellarius,
680 4552 875 4618 Exoniensis
908 4552 1084 4638 episcopus,
1122 4572 1160 4616 ac
1194 4551 1378 4618 Willelmus
1408 4553 1537 4640 Serape,

523 4799 616 4850 ¹Aster
623 4795 826 4864 possessionibus,
840 4795 988 4844 monasterio
1070 4797 1080 4826 ²
1097 4795 1239 4862 indecentem]
1260 4795 1417 4864 indempnem
1429 4797 1455 4847 in
1468 4797 1526 4850 MS.

490 4889 576 4933 nostro
587 4876 783 4938 remanentibus,
793 4875 888 4936 crased,
899 4873 955 4926 MS.
