3538 5860
523 882 725 934 armannus
747 883 855 932 assas
879 884 1073 935 messurus
1265 871 1329 936 309

276 1058 510 1124 decimationes
531 1057 755 1144 spiritualium
785 1060 820 1122 et
850 1057 1080 1144 temporalium
1103 1056 1331 1144 spiritualibus
1342 1061 1412 1113 M)-
1427 1067 1500 1113 1⁴1⁶·

276 1181 483 1224 annexorum
506 1157 640 1224 domino
674 1158 744 1244 regi
778 1179 837 1246 per
870 1159 1024 1244 praelatos
1046 1165 1080 1225 et
1111 1160 1232 1226 olerum
1255 1180 1329 1246 pro·
1341 1139 1499 1257 ffffiffl·

276 1261 394 1326 vinciae
418 1261 633 1326 Eboracenais
662 1260 928 1340 concederentur,
953 1261 1154 1326 monasteria
1177 1260 1328 1346 quaedam
1342 1287 1399 1350 sum
1409 1287 1448 1323 ie-

277 1367 312 1428 et
349 1363 522 1450 prioratus,
554 1362 709 1428 videlicet
741 1363 782 1426 de
818 1361 965 1440 Rufford,
1001 1362 1189 1448 Eglcstona‚
1225 1340 1479 1455 Drarqssfgjffssub

277 1465 459 1550 Madersay,
483 1463 608 1550 Fellsy,
631 1462 803 1528 Ellertona
830 1468 865 1528 et
890 1463 964 1540 alia,
988 1483 1026 1528 ac
1048 1465 1147 1528 etiam
1171 1463 1329 1528 moniales
1342 1470 1457 1548 sidicat}

277 1587 489 1652 quaecunque,
501 1569 635 1652 propter
647 1586 759 1630 eorum
771 1563 935 1629 notoriam
951 1571 1192 1652 paupertatem,
1202 1585 1329 1630 necnon
1342 1537 1490 1668 ffl‘glffe’

278 1669 383 1741 terrae,
407 1667 599 1729 tenemento
632 1667 666 1727 et
688 1663 914 1749 possessiones,
939 1663 1129 1728 monasterii
1152 1663 1258 1728 nostri
1289 1663 1329 1728 de
1343 1667 1491 1732 exceptione

279 1765 380 1831 Melea
402 1787 461 1853 per
483 1787 584 1852 equas
608 1765 715 1843 maris,
732 1763 906 1829 Humbriae
929 1769 964 1829 et
987 1764 1126 1830 aliorum
1143 1763 1329 1844 fluviorum,
1341 1735 1457 1866 mm

278 1867 453 1944 destructa,
491 1866 658 1952 prioratus
695 1887 832 1951 quoque,
863 1867 1064 1931 monasteria
1100 1873 1134 1932 et
1171 1865 1459 1946 beneficiandas

278 1969 397 2046 omnia,
422 1968 598 2048 Oumbrise,
623 1966 874 2044 Wcstmerland,
898 1967 1149 2033 Northumbriae
1172 1973 1206 2032 et
1222 1966 1329 2053 Ooup-
1343 1949 1470 2050 {iffiffl

277 2070 363 2148 land,
387 2093 425 2135 ac
447 2068 643 2158 temporalia
665 2073 700 2134 et
722 2067 911 2154 spiritualia
932 2067 980 2132 eis
1001 2069 1153 2134 totaliter
1179 2068 1330 2148 annexa‚¹

277 2172 342 2238 alia
364 2172 561 2259 quandoque
585 2173 686 2236 ctiam
718 2170 917 2235 monasteria
940 2175 974 2236 et
997 2170 1066 2236 loca
1093 2175 1227 2258 propter
1249 2193 1331 2237 non-

277 2273 368 2338 nulla
406 2273 590 2338 infortunia
630 2273 678 2337 eis
726 2272 917 2352 accidentia,
956 2295 994 2338 ac
1033 2273 1133 2338 etiam
1171 2273 1332 2338 nonnulla

277 2375 436 2440 beneficia
458 2373 684 2450 ecclesiastica,
709 2373 900 2460 dignitates,
924 2374 1120 2460 praebendae,
1143 2374 1330 2461 hospitales,

277 2477 450 2562 portiones,
465 2475 646 2563 pensiones,
662 2497 700 2539 ac
719 2476 917 2561 temporalia
931 2481 966 2540 et
989 2475 1176 2561 spiritualia
1191 2497 1329 2554 annexa,

278 2579 364 2643 infra
387 2577 510 2643 dictam
544 2576 748 2663 provinciam
783 2577 973 2652 constitute,
1007 2576 1186 2643 secundum
1209 2599 1330 2644 novam
1393 2627 1397 2634 .

278 2687 389 2746 texam
425 2685 541 2746 taxata
574 2678 750 2764 aliquoties
786 2679 829 2743 ad
863 2677 973 2744 decem
1008 2701 1132 2744 marcas
1167 2685 1202 2744 et
1235 2679 1330 2758 infra,

277 2782 453 2868 aliquoties
475 2781 518 2846 ad
542 2779 653 2846 decem
687 2779 789 2844 libras
821 2785 856 2844 et
882 2779 970 2843 infra
993 2783 1119 2858 taxata,
1143 2782 1179 2845 in
1201 2803 1330 2848 conces-

277 2884 423 2950 sionibus
438 2882 587 2969 pluribus
611 2887 645 2947 et
660 2881 728 2946 fere
750 2880 889 2967 singrrlis
911 2902 932 2944 a
947 2880 1111 2947 solutione
1134 2903 1329 2968 quacunque

277 2985 410 3050 domino
433 2983 504 3071 regi
535 2988 673 3069 excepta
694 2983 855 3060 lamecum
891 2987 926 3046 et
948 2982 1068 3047 exinde
1102 3004 1232 3048 summa
1254 3005 1330 3049 con·

277 3087 429 3152 sessionis
451 3085 492 3150 de
515 3083 743 3171 spiritualibus
775 3089 810 3148 et
832 3083 1069 3169 temporalibus
1101 3084 1330 3170 spiritualibus

277 3187 418 3254 annexis
439 3186 687 3252 remanentibus
709 3185 883 3250 mediocris
897 3184 995 3250 valde
1019 3191 1053 3250 et
1076 3184 1173 3250 exilis
1196 3185 1330 3253 domino

278 3292 347 3378 regi
389 3288 555 3366 solvenda,
591 3293 726 3374 propter
767 3285 957 3372 hujusmodi
991 3286 1207 3374 exceptiones,
1240 3289 1330 3375 apud

277 3394 386 3480 ipsum
408 3390 581 3456 dominum
603 3409 713 3475 regem
736 3392 966 3474 reputaretur3
988 3387 1076 3452 idem
1092 3387 1246 3456 dominus
1261 3411 1329 3467 rex,

277 3495 314 3558 in
346 3493 541 3579 quibusdam
578 3491 810 3578 exceptionum
842 3489 1033 3574 hujusmodi
1065 3511 1099 3555 se
1134 3491 1330 3557 existimans

277 3597 345 3662 fore
367 3595 527 3670 delusum,
555 3595 596 3659 de
619 3592 763 3659 ecclesiis
789 3591 1033 3678 parochialibus
1060 3595 1331 3660 concernentibus
1344 3604 1400 3656 The
1412 3606 1476 3672 king

279 3696 485 3774 monasteria,
508 3697 674 3783 prioratus
697 3699 732 3759 et
754 3693 820 3758 alia
842 3694 914 3760 loca
936 3693 983 3758 sic
1005 3700 1151 3780 excepta,
1167 3717 1205 3761 ac
1228 3698 1327 3762 etiam
1343 3675 1491 3789 &2⁰32ssss

278 3801 318 3866 de
341 3798 471 3866 vicariis
493 3796 682 3874 earundem,
704 3815 854 3881 quarens
876 3795 1016 3862 ulterius
1036 3796 1213 3874 certiorari,
1230 3797 1330 3863 breve
1343 3803 1471 3881 bichopto

278 3901 442 3988 quoddam
481 3899 604 3964 direxit
641 3897 881 3983 archiepiscopo
920 3896 1125 3975 Eboracensi,
1157 3899 1331 3965 continens
1343 3871 1432 3936 Μ’
1439 3887 1499 3922 ‘⁰¹¹'

1342 3937 1447 4002 ceming
1456 3937 1499 3989 tho

278 4011 425 4070 tenorem
448 4000 506 4087 qui
528 3999 697 4086 sequitur:
1343 4003 1471 4066 paeonia!

314 4105 472 4168 Henricus,
498 4101 554 4156 Dei
585 4100 683 4172 gratia
706 4115 757 4154 rex
781 4099 899 4170 Angliae
927 4105 958 4154 et
984 4099 1116 4156 Francia
1141 4109 1170 4157 ct
1194 4069 1499 4199 dominossslgffisshe

280 4187 440 4252 Hiberniae,
453 4184 619 4253 ‚venerabili
641 4185 671 4240 in
696 4183 814 4238 Christo
840 4183 918 4253 patri
945 4183 1086 4249 chrico,
1106 4185 1207 4242 eadem
1233 4186 1487 4266 gratiamonnffly

280 4271 506 4342 archiepiscopo,
527 4269 662 4326 salutem.
700 4266 842 4324 Volentes
870 4267 959 4322 certis
986 4267 1139 4324 decausis
1165 4269 1243 4341 quod
1268 4271 1330 4326 tho·
1343 4266 1475 4316 orMeaux

280 4355 429 4411 eaurarius
447 4361 478 4408 et
505 4353 629 4406 barones
648 4351 684 4405 de
711 4349 857 4404 scaccario
878 4355 978 4405 nostro
995 4367 1048 4422 per
1066 4369 1117 4406 vos
1136 4353 1331 4408 certiorentur
1343 4333 1394 4382 “nd
1406 4333 1499 4383 mim·

308 4489 1325 4501 —-...--...-.---—--————-—-—-———..-.—-...--.....

313 4587 461 4637 *ama
478 4619 585 4636 .....
607 4583 718 4648 anae]
738 4585 781 4633 aa
831 4582 1065 4646 ampoarreaa
1094 4582 1317 4648 spiritualiores
1401 4561 1405 4576 '

279 4665 388 4724 structis,
400 4663 552 4729 prioratibus
563 4677 662 4727 quoque
680 4675 780 4711 monss-
831 4659 941 4712 totaliter
951 4659 1066 4718 annexis,
1077 4658 1105 4708 in
1117 4659 1172 4710 MS.

279 4741 525 4798 teffleetbenefleiis
541 4739 657 4792 omnibus
675 4775 681 4790 .
699 4775 706 4790 .
725 4776 731 4789 .
748 4755 808 4791 ac.
