3610 5890
456 859 499 920 10
685 873 782 924 suco
804 871 912 922 sunus
933 873 1089 934 cuniuus
1111 874 1272 924 nunnius

287 1057 356 1108 ul).
371 1063 434 1110 ress
457 1047 668 1114 defecerimus
686 1049 741 1114 vel
762 1050 799 1114 in
814 1051 917 1136 purte,
940 1047 1098 1112 senonice
1120 1047 1303 1113 monitione
1325 1047 1503 1134 premisse,

287 1130 378 1178 ⁴³⁴⁹·
455 1151 492 1216 in
524 1151 870 1240 scripsissemus
904 1149 1145 1216 uniemnuviu
1201 1150 1247 1215 ui
1281 1150 1503 1230 nihilominus,

455 1255 551 1340 quod,
575 1255 603 1320 si
625 1255 829 1342 contingeret
858 1253 980 1318 dictum
1010 1253 1203 1340 portionem,
1225 1253 1261 1316 in
1290 1258 1362 1319 toto
1391 1254 1446 1318 vel
1468 1255 1505 1318 in

454 1362 557 1444 perte,
580 1357 670 1423 ultre
691 1357 851 1422 terminos
880 1355 1043 1420 limitetos
1065 1356 1119 1420 vel
1148 1355 1292 1442 aliquem
1318 1356 1503 1437 eorundem,

454 1482 513 1546 per
535 1459 604 1526 dies
628 1464 671 1524 12
693 1466 802 1526 eretro
826 1459 967 1524 existere
990 1457 1032 1522 ob
1052 1463 1203 1522 nostrum
1224 1457 1397 1540 defectum,
1419 1465 1503 1524 teui-

455 1563 588 1648 poribus
610 1561 817 1650 profuturis,
833 1558 947 1648 quod1
970 1581 1013 1626 ex
1027 1565 1108 1624 tunc
1122 1559 1248 1626 fructuri
1268 1566 1303 1626 st
1324 1567 1504 1647 proventus

455 1665 553 1731 dictio
576 1665 717 1731 eeclesiis
748 1686 789 1730 ex
819 1663 892 1750 ipsu
922 1662 1131 1728 ordinatione
1155 1668 1447 1750 sequestrarentur,
1470 1668 1505 1730 ct

455 1768 501 1834 sio
524 1773 744 1856 sequestratos
766 1767 804 1832 iu
826 1771 982 1832 eventum
1012 1765 1074 1832 sub
1105 1766 1254 1832 custodie
1275 1766 1503 1846 erchidieeoni,

455 1871 509 1936 vel
530 1871 634 1959 ipsius
647 1870 800 1949 officietis,
824 1875 884 1934 eut
906 1868 1022 1934 deceni
1045 1868 1086 1932 de
1112 1867 1341 1948 Holdernesse‚
1365 1869 1423 1955 qui
1445 1891 1504 1956 pm

455 1981 601 2062 tempore
623 1973 755 2052 fuerint,
779 1971 888 2037 voluit
917 1993 1096 2048 remanere,
1122 1993 1291 2058 quousque
1314 1974 1355 2038 de
1376 1993 1505 2037 summe

455 2083 563 2142 metro
586 2077 750 2142 existente
765 2074 904 2161 praefuto
921 2074 1044 2138 vicerio
1059 2073 1181 2154 debite,
1196 2096 1264 2139 une
1286 2095 1361 2140 cum
1375 2075 1504 2140 demnis

455 2201 528 2266 ques
562 2199 676 2266 possus
709 2177 810 2242 iiierit
837 2181 872 2241 et
903 2177 1057 2262 expensis
1090 2197 1173 2263 ques
1203 2176 1317 2242 fecerit
1338 2179 1504 2244 occasione

286 2291 407 2343 secisse
453 2283 630 2370 praemissu,
652 2299 711 2366 per
734 2300 794 2344 nos
823 2278 925 2343 fuerit
946 2279 1093 2365 plenarie
1123 2279 1338 2346 satisfactum.
1385 2280 1430 2345 Et
1452 2281 1504 2344 in·

287 2359 411 2478 ffg‘c'ssf*
454 2405 551 2471 super
587 2404 648 2448 nos
684 2382 722 2446 in
759 2385 892 2446 centum
926 2381 1038 2447 solidis
1068 2381 1309 2471 sterlingorum,
1339 2383 1504 2448 solvendis

454 2487 585 2552 lubricis
607 2483 750 2550 ecclesie
772 2484 869 2548 Beuti
893 2483 986 2550 Petri
1008 2483 1234 2566 Eboruceusis,
1252 2507 1312 2572 pro
1327 2507 1396 2551 non
1417 2485 1503 2550 solu·

453 2589 545 2654 tione
567 2587 728 2675 portionis
758 2585 957 2672 hujusmodi,
988 2588 1118 2673 quoties
1148 2588 1370 2670 defecerimus,
1392 2599 1504 2655 tenore

290 2698 404 2778 charges
415 2703 445 2752 of
453 2691 557 2779 ipsius
587 2689 805 2756 ordinationis
836 2688 1054 2755 nihilominus
1085 2690 1327 2757 condemnavit
1372 2691 1438 2758 Sed
1469 2695 1504 2755 et

288 2765 418 2819 uenus.
454 2796 524 2882 ipse
545 2794 696 2873 vicarius,
720 2793 778 2878 qui
800 2813 860 2878 pro
890 2798 1037 2878 tempore
1066 2791 1235 2875 fueritin
1257 2794 1349 2860 dicte
1370 2793 1505 2860 ecclesie

454 2919 581 2985 penem,
597 2897 722 2974 viuum,
746 2895 910 2960 luminare
932 2899 967 2960 et
989 2896 1165 2976 incensum,
1181 2919 1242 2984 pro
1257 2897 1375 2983 majori
1397 2897 1505 2974 elteri,

288 3003 361 3057 owse
369 3002 491 3066 Ner-in
526 3001 599 3088 ipse
635 2996 769 3064 ecclesie
807 2995 848 3061 de
886 2995 1085 3083 Esyngtoue
1118 3003 1153 3064 et
1189 2999 1314 3087 capelle
1351 3001 1393 3066 de
1426 3001 1505 3066 Owt

286 3075 441 3140 ‘ww‘
454 3101 608 3182 Neriton,
641 3107 675 3166 et
712 3100 794 3165 duos
831 3099 1023 3185 capellanos,
1062 3121 1203 3185 quorum
1233 3101 1323 3168 idem
1353 3103 1502 3180 vicenus

453 3227 528 3271 cum
548 3203 693 3271 voluerit
715 3207 750 3268 et
772 3201 927 3288 potuerit,
951 3201 997 3267 sit
1017 3202 1112 3281 ulter,
1133 3203 1284 3269 invenire
1306 3205 1375 3270 suis
1396 3227 1505 3292 sump-

452 3309 541 3374 tibus
563 3312 725 3374 teneutur.
771 3303 889 3370 Libros
909 3305 1013 3370 etiem
1036 3309 1071 3370 et
1093 3306 1300 3386 vestimentu
1324 3329 1362 3373 uc
1385 3312 1504 3374 caetere

453 3416 647 3476 ornaments
668 3407 895 3488 ecclesiastice,
912 3427 987 3472 cum
1009 3409 1229 3476 mundatione
1242 3415 1278 3475 et
1299 3412 1504 3498 reparatione

453 3513 666 3599 indiguerint,
690 3509 846 3574 mundari
883 3509 1005 3575 feceret
1027 3516 1062 3576 et
1084 3513 1186 3576 etium
1208 3513 1370 3600 repereri3
1401 3519 1437 3577 et
1460 3513 1504 3576 ed

453 3615 545 3678 nulle
566 3614 632 3678 eliu
654 3633 753 3677 onere
776 3611 944 3677 ordinarie
965 3633 1023 3678 seu
1042 3615 1306 3682 extraordinarie
1327 3619 1504 3681 teneretur.

453 3715 519 3780 Sed
541 3737 601 3781 noe
623 3715 802 3781 concellum
829 3715 927 3780 dictes
952 3715 1102 3794 ecclcsise,
1127 3739 1203 3782 cum
1224 3741 1307 3806 opus
1328 3717 1438 3797 fiierit,
1462 3719 1503 3782 de

452 3839 538 3884 novo
561 3823 821 3884 construeremus
844 3823 879 3882 et
900 3839 1125 3904 repeteremus
1147 3821 1185 3884 in
1200 3827 1330 3887 eventu
1377 3821 1502 3898 Libros,

452 3922 661 4002 vestimentu,
685 3925 719 3986 et
741 3921 807 3985 eliu
829 3925 1023 3986 ornaments
1049 3923 1273 4005 ecclesiastice,
1297 3925 1426 4010 quoties
1445 3945 1502 3987 ne-

453 4043 538 4088 ccsse
567 4023 676 4104 fuerit,
706 4023 746 4089 de
775 4043 863 4088 novo
892 4023 1136 4110 imperpetuum
1167 4027 1434 4114 provideremus3
1468 4029 1503 4090 et

452 4126 559 4190 dictus
581 4127 732 4204 vicarius,
750 4126 808 4212 qui
829 4147 890 4212 pro
905 4131 1052 4212 tempore
1073 4127 1182 4206 fuerit,
1207 4129 1278 4215 ipsu
1300 4129 1348 4194 sic
1369 4129 1502 4216 provisu

451 4227 580 4307 feceret,
602 4249 678 4292 eum
699 4228 915 4313 indiguerint,
947 4233 987 4292 ut
1009 4230 1237 4315 premittitur,
1263 4232 1412 4318 reperuri
1434 4231 1500 4298 suis

285 4343 398 4410 charges
451 4330 637 4417 sumptibus
673 4334 709 4394 ot
745 4330 906 4416 expensis
973 4329 1223 4398 Procuretioues
1260 4334 1361 4398 etiem
1399 4334 1501 4399 emhi-

285 4412 373 4462 ⁰¹¹t¹¹⁶
451 4434 591 4512 diaconi,
640 4432 776 4522 synode,
814 4433 996 4499 solutiones
1040 4434 1242 4500 decimarum
1283 4457 1502 4522 quarumcun-

285 4486 525 4625 nonumque,
563 4559 638 4602 eum
668 4537 881 4613 occurrerint,
919 4557 978 4622 pro
1016 4537 1112 4602 totali
1143 4543 1225 4603 texe
1256 4538 1399 4606 ecclesius
1435 4559 1502 4605 me-
