3610 5890
454 865 496 928 44
685 881 783 929 nono
806 879 916 927 sasas
939 878 1091 940 qairrus
1114 879 1276 928 oremus

284 1063 353 1116 Ab.
368 1063 439 1114 raro.
452 1053 640 1138 pelluntur3
662 1055 712 1119 ita
734 1054 822 1141 quod
848 1054 920 1140 ipsa
941 1053 1038 1118 navis
1070 1051 1223 1138 protinus
1254 1052 1297 1117 sit
1321 1051 1499 1137 submersa,

283 1147 418 1226 ΜΨ·
452 1163 486 1224 et
508 1157 656 1222 homines
678 1157 742 1244 ipsi
767 1161 898 1222 tantum
923 1156 964 1221 de
985 1154 1181 1242 Angligenis
1214 1153 1390 1242 perierunt
1438 1155 1501 1220 Re-

283 1215 440 1360 ¹2¹bess
451 1251 620 1326 vertentes
652 1279 731 1325 vero
761 1259 893 1346 Anglioi
925 1262 1082 1345 ceperunt
1115 1279 1234 1324 navem
1268 1279 1422 1344 magnam
1460 1257 1501 1322 de

283 1347 353 1476 3¹⁹1}
454 1360 627 1449 Hispania,
642 1361 811 1449 speciebus
826 1367 860 1426 ot
882 1361 962 1426 vino
985 1365 1165 1440 oneratam,
1189 1365 1224 1426 et
1250 1357 1323 1445 ejus
1352 1359 1501 1426 homines

283 1431 689 1551 ²,⁸²L<,⁸,¹J¹<i‘,³,¹,¹,finterfecerunt.
737 1463 812 1530 Rex
843 1467 954 1529 autem
981 1462 1167 1528 Edwardus
1199 1463 1235 1526 in
1258 1461 1413 1548 Angliam
1448 1484 1500 1527 re-

283 1559 402 1674 ausub-
450 1587 587 1654 gressus,
612 1565 775 1632 celebrato
791 1566 971 1632 Londoniis
994 1563 1220 1652 parliamento,
1243 1563 1369 1629 indixit
1382 1564 1500 1652 Angli·

322 1641 346 1690 γ’
450 1668 543 1755 genis
560 1668 725 1734 tributum
748 1669 874 1754 quinta
895 1667 1002 1755 partis
1023 1667 1184 1733 bonorum
1207 1687 1349 1746 suorum,
1364 1688 1500 1732 nonam·

451 1791 514 1857 que
551 1769 687 1857 garbam
724 1770 831 1837 omnis
866 1771 997 1858 generis
1033 1769 1133 1850 bladi,
1166 1789 1290 1836 nonum
1322 1769 1428 1835 vellus
1465 1776 1500 1834 et

450 1894 573 1938 nonum
595 1895 727 1960 agnum,
742 1894 802 1960 pro
818 1877 837 1937 2
853 1872 972 1952 annis;
994 1894 1179 1958 nonamque
1196 1877 1322 1959 partem
1339 1872 1499 1937 bonorum

451 1973 622 2040 mobilium
658 1973 782 2041 civium
820 1981 855 2040 et
893 1974 1107 2062 burgensium
1138 1995 1197 2060 pro
1234 1973 1500 2060 expeditionibus

284 2104 392 2162 coum
450 2099 641 2165 guerrarum
667 2077 849 2164 deputavit.
896 2077 1088 2142 Renovavit
1118 2097 1195 2162 ergo
1218 2075 1255 2140 in
1289 2076 1361 2163 ipso
1382 2075 1501 2163 parlin-

283 2178 438 2230 ⁸¹⁰¹¹⁸10t¹¹0
450 2186 562 2246 mento
584 2201 697 2245 omnes
719 2179 889 2250 libertates
910 2178 1054 2244 eodesiae
1069 2178 1284 2265 Anglioanae3
1307 2177 1499 2263 remisitque

282 2243 333 2360 {1¹¹ss
333 2243 439 2374 ffiffid
450 2287 484 2346 et
518 2281 716 2368 perdonavit
740 2281 878 2368 singulis
910 2280 1005 2368 regni
1036 2281 1088 2346 sui
1122 2280 1268 2366 proficua
1298 2281 1339 2346 de
1372 2281 1500 2346 catallis

449 2383 595 2450 felonum
617 2389 652 2448 et
673 2383 898 2471 fugitivorum,
916 2382 1085 2448 latronum
1108 2382 1328 2459 erasionibus,
1343 2405 1381 2448 ac
1396 2383 1500 2447 omni-

450 2486 555 2552 modis
586 2486 715 2563 debitis,
738 2485 907 2572 compotis,
934 2483 1065 2564 finibus,
1098 2485 1253 2564 exitibus,
1287 2485 1501 2550 forisfacturis

450 2595 485 2654 et
506 2589 774 2654 amerciamentis
823 2587 896 2652 Hoc
919 2585 1021 2652 etiam
1052 2593 1258 2653 annotante
1290 2587 1357 2652 fuit
1391 2609 1500 2654 rerum

450 2690 545 2778 copia
566 2697 601 2756 et
623 2691 697 2756 aeris
724 2689 838 2776 inopia
861 2690 950 2776 quod
983 2711 1087 2754 unum
1110 2690 1314 2776 quarterium
1342 2689 1500 2756 frumenti

452 2793 630 2859 Londoniis
652 2791 695 2858 ad
727 2792 891 2858 2solidos
916 2792 1121 2869 venderetur,
1150 2799 1183 2857 et
1213 2792 1273 2858 bos
1295 2791 1427 2879 pinguis
1458 2793 1501 2859 ad

366 2937 404 2970 r·
452 2895 621 2962 dimidiam
650 2917 803 2960 marcam.
850 2893 998 2980 Cumque
1022 2893 1192 2982 Philippus
1222 2893 1263 2959 de
1285 2893 1419 2981 Valoys,
1434 2895 1500 2960 dic-

293 2985 299 2998 ’
451 3003 506 3064 tus
528 3021 588 3064 rex
612 2999 770 3075 Francius,
786 2997 895 3063 foedus
916 2997 1038 3063 initum
1060 2997 1149 3062 inter
1170 3019 1280 3085 regem
1299 2995 1501 3063 Edwardum

332 3071 416 3200 γα·
451 3107 486 3166 et
520 3101 737 3168 Flandrenses
769 3101 982 3187 cognovisset,
1005 3099 1168 3166 exercitus
1201 3100 1346 3187 copiosos
1368 3122 1501 3188 congre-

283 3202 332 3252 ¹⁸²
451 3204 553 3371 {avit
576 3210 620 3281 et,
642 3203 795 3320 ordinata
811 3205 965 3370 prlffima
986 3202 1087 3369 classp
1108 3203 1256 3370 rsrrlcvium
1278 3207 1315 3320 et
1340 3205 1501 3370 pmoipqe

371 3320 397 3370 'i
486 3327 729 3382 ormannorum,
751 3327 788 3370 m
919 3327 969 3370 na
997 3326 1062 3391 apu
1146 3326 1243 3370 unam
1275 3327 1312 3370 rn
1341 3325 1429 3391 equa
1482 3329 1500 3372 e

450 3407 859 3594 irritares
882 3407 1500 3596 arbitrabare,

450 3619 510 3678 aut
532 3617 607 3699 post
629 3611 733 3698 ipsius
756 3610 933 3675 transitum
955 3610 1000 3675 ad
1013 3611 1172 3698 Angliam
1194 3609 1425 3678 destruendam
1444 3613 1500 3678 de-

307 3757 322 3790 „
378 3758 394 3790 0
450 3715 620 3788 clinarent,
643 3712 730 3778 sicut
752 3734 786 3777 se
801 3717 880 3778 voto
903 3714 1179 3780 constrinxerunt
1228 3713 1355 3794 Quibus
1369 3713 1502 3793 auditis,

312 3823 329 3856 ¹¹
361 3844 369 3868 ν
450 3839 511 3882 rex
534 3815 728 3895 Edwardus,
752 3835 840 3879 anno
863 3814 1000 3880 Domini
1031 3816 1126 3890 1340,
1149 3815 1336 3881 convocatis
1359 3816 1500 3903 proceri·

347 3891 363 3993 ξι
396 3911 404 3937 ’
450 3920 512 3986 bus
536 3924 572 3984 et
593 3918 758 3984 tironibus
779 3917 855 3995 suis,
870 3917 1080 4004 exercituque
1104 3938 1171 3983 non
1194 3918 1331 3996 modico,
1344 3940 1420 3984 oum
1435 3923 1500 3984 200

451 4021 592 4088 navibus
614 4043 730 4086 versus
756 4020 844 4106 ipsos
870 4040 960 4084 mare
982 4020 1147 4106 ingressus
1170 4025 1240 4098 est;
1262 4025 1304 4098 et,
1327 4023 1364 4086 in
1385 4021 1501 4108 vigilia

330 4165 334 4174 ·
450 4123 651 4190 Natiuitatis
674 4122 787 4188 Sancti
819 4120 982 4186 Johannis
1015 4121 1183 4208 Baptistae.
1208 4123 1416 4188 commissum
1452 4129 1501 4189 est

451 4226 573 4293 bellum
613 4225 732 4290 navale
763 4223 987 4302 fortissimum,
1020 4223 1116 4308 quale
1149 4223 1235 4290 circa
1266 4245 1338 4290 oras
1370 4226 1500 4312 Angliae

449 4350 617 4416 nunquam
633 4333 684 4394 est
698 4329 813 4392 visum.
861 4326 939 4404 Ubi,
957 4326 1028 4391 Deo
1050 4325 1192 4407 favente,
1216 4325 1335 4392 Franci
1358 4334 1392 4392 et
1414 4326 1501 4392 Nor·

450 4431 563 4497 manni
586 4431 705 4496 acriter
727 4429 877 4516 sagittati
899 4449 959 4514 per
980 4417 1107 4514 Angl'os
1130 4433 1208 4492 sunt
1230 4427 1362 4508 deviati,
1378 4430 1499 4516 partim

451 4535 534 4612 caesi,
561 4533 684 4622 partim
708 4531 811 4620 gratis
835 4530 1004 4609 submersi,
1027 4529 1150 4616 partim
1173 4531 1270 4617 capti,
1294 4532 1499 4618 navibusque

450 4660 570 4714 eorum,
593 4636 739 4724 exceptis
762 4633 872 4720 paucis
887 4653 961 4719 quae
984 4633 1190 4721 aufugerant,
1206 4633 1353 4698 totaliter
1367 4655 1500 4720 oocupa-

282 4725 409 4790 ΨΜ
452 4739 502 4806 tis
536 4738 705 4816 Ubinam
722 4739 786 4800 200
803 4740 933 4800 tantum
949 4734 1092 4800 navibus
1107 4735 1301 4822 Anglorunr,
1321 4739 1384 4803 169
1401 4757 1501 4802 naves

281 4789 388 4914 darbia.
453 4842 651 4907 Francorum
674 4837 889 4924 capiebantur
911 4843 945 4902 et
970 4841 1064 4912 1900
1079 4857 1180 4902 naves
1195 4837 1500 4924 submergebautur,
