<?xml version="1.0" encoding="UTF-8"?>
<!DOCTYPE html PUBLIC "-//W3C//DTD XHTML 1.0 Transitional//EN"
    "http://www.w3.org/TR/xhtml1/DTD/xhtml1-transitional.dtd">
<html xmlns="http://www.w3.org/1999/xhtml" xml:lang="en" lang="en">
 <head>
  <title>
</title>
<meta http-equiv="Content-Type" content="text/html;charset=utf-8" />
  <meta name='ocr-system' content='tesseract 3.04.00' />
  <meta name='ocr-capabilities' content='ocr_page ocr_carea ocr_par ocr_line ocrx_word'/>
</head>
<body>
  <div class='ocr_page' id='page_1' title='image "./chronicamonaste01thomgoog_0237.png"; bbox 0 0 3614 5888; ppageno 0'>
   <div class='ocr_carea' id='block_1_1' title="bbox 485 875 1329 938">
    <p class='ocr_par' dir='ltr' id='par_1_1' title="bbox 485 875 1329 938">
     <span class='ocr_line' id='line_1_1' title="bbox 485 875 1329 938; baseline 0.001 -3"><span class='ocrx_word' id='word_1_1' title='bbox 485 885 662 937; x_wconf 81' lang='lat' dir='ltr'>sosnnrns</span> <span class='ocrx_word' id='word_1_2' title='bbox 684 885 793 938; x_wconf 71' lang='lat' dir='ltr'>ussus</span> <span class='ocrx_word' id='word_1_3' title='bbox 816 883 946 938; x_wconf 75' lang='lat' dir='ltr'>sexsus</span> <span class='ocrx_word' id='word_1_4' title='bbox 969 887 1128 938; x_wconf 76' lang='lat' dir='ltr'>necinus,</span> <span class='ocrx_word' id='word_1_5' title='bbox 1266 875 1329 937; x_wconf 72' lang='lat'>125</span> 
     </span>
    </p>
   </div>
   <div class='ocr_carea' id='block_1_2' title="bbox 285 1061 1491 1266">
    <p class='ocr_par' dir='ltr' id='par_1_2' title="bbox 285 1061 1491 1266">
     <span class='ocr_line' id='line_1_2' title="bbox 285 1061 1491 1150; baseline -0.007 -22"><span class='ocrx_word' id='word_1_6' title='bbox 285 1061 438 1130; x_wconf 86' lang='lat' dir='ltr'>collector</span> <span class='ocrx_word' id='word_1_7' title='bbox 463 1083 600 1129; x_wconf 71' lang='lat' dir='ltr'>comeum</span> <span class='ocrx_word' id='word_1_8' title='bbox 631 1063 758 1128; x_wconf 88' lang='lat' dir='ltr'>domini</span> <span class='ocrx_word' id='word_1_9' title='bbox 789 1085 883 1150; x_wconf 80' lang='lat' dir='ltr'>pupae</span> <span class='ocrx_word' id='word_1_10' title='bbox 914 1063 952 1128; x_wconf 84' lang='lat' dir='ltr'>in</span> <span class='ocrx_word' id='word_1_11' title='bbox 973 1063 1097 1150; x_wconf 74' lang='lat' dir='ltr'>¹Anglio</span> <span class='ocrx_word' id='word_1_12' title='bbox 1130 1063 1491 1128; x_wconf 82' lang='lat' dir='ltr'>constitutusA.D.1asc</span> 
     </span>
     <span class='ocr_line' id='line_1_3' title="bbox 285 1143 1485 1266; baseline -0.002 -36"><span class='ocrx_word' id='word_1_13' title='bbox 285 1171 321 1232; x_wconf 91' lang='lat' dir='ltr'>et</span> <span class='ocrx_word' id='word_1_14' title='bbox 341 1167 412 1251; x_wconf 86' lang='lat' dir='ltr'>ejus</span> <span class='ocrx_word' id='word_1_15' title='bbox 435 1166 658 1245; x_wconf 86' lang='lat' dir='ltr'>subcolleotor,</span> <span class='ocrx_word' id='word_1_16' title='bbox 681 1166 772 1253; x_wconf 89' lang='lat' dir='ltr'>prior</span> <span class='ocrx_word' id='word_1_17' title='bbox 786 1165 959 1246; x_wconf 79' lang='lat' dir='ltr'>Lersensis,</span> <span class='ocrx_word' id='word_1_18' title='bbox 983 1165 1218 1233; x_wconf 86' lang='lat' dir='ltr'>commiserunt</span> <span class='ocrx_word' id='word_1_19' title='bbox 1233 1165 1331 1230; x_wconf 88' lang='lat' dir='ltr'>offici·</span> <span class='ocrx_word' id='word_1_20' title='bbox 1344 1143 1442 1266; x_wconf 57' lang='lat' dir='ltr'>efflh</span> <span class='ocrx_word' id='word_1_21' title='bbox 1454 1217 1485 1266; x_wconf 80' lang='lat' dir='ltr'>of</span> 
     </span>
    </p>
   </div>
   <div class='ocr_carea' id='block_1_3' title="bbox 284 1267 1502 4532">
    <p class='ocr_par' dir='ltr' id='par_1_3' title="bbox 284 1267 1502 2278">
     <span class='ocr_line' id='line_1_4' title="bbox 284 1267 1499 1357; baseline -0.001 -24"><span class='ocrx_word' id='word_1_22' title='bbox 284 1267 330 1333; x_wconf 89' lang='lat' dir='ltr'>uli</span> <span class='ocrx_word' id='word_1_23' title='bbox 353 1267 451 1335; x_wconf 77' lang='lat' dir='ltr'>cruriae</span> <span class='ocrx_word' id='word_1_24' title='bbox 467 1267 688 1346; x_wconf 83' lang='lat' dir='ltr'>Eborecensis,</span> <span class='ocrx_word' id='word_1_25' title='bbox 712 1289 771 1334; x_wconf 87' lang='lat' dir='ltr'>seu</span> <span class='ocrx_word' id='word_1_26' title='bbox 793 1269 864 1355; x_wconf 86' lang='lat' dir='ltr'>ejus</span> <span class='ocrx_word' id='word_1_27' title='bbox 878 1269 1099 1335; x_wconf 80' lang='lat' dir='ltr'>commissario</span> <span class='ocrx_word' id='word_1_28' title='bbox 1113 1269 1266 1357; x_wconf 79' lang='lat' dir='ltr'>generali,</span> <span class='ocrx_word' id='word_1_29' title='bbox 1290 1269 1333 1333; x_wconf 85' lang='lat' dir='ltr'>od</span> <span class='ocrx_word' id='word_1_30' title='bbox 1345 1281 1499 1348; x_wconf 72' lang='lat' dir='ltr'>myngham</span> 
     </span>
     <span class='ocr_line' id='line_1_5' title="bbox 284 1349 1460 1467; baseline 0 -31"><span class='ocrx_word' id='word_1_31' title='bbox 284 1371 535 1458; x_wconf 81' lang='lat' dir='ltr'>sequestrandos</span> <span class='ocrx_word' id='word_1_32' title='bbox 572 1370 707 1450; x_wconf 83' lang='lat' dir='ltr'>fructus,</span> <span class='ocrx_word' id='word_1_33' title='bbox 741 1370 894 1436; x_wconf 85' lang='lat' dir='ltr'>redditus</span> <span class='ocrx_word' id='word_1_34' title='bbox 925 1377 960 1438; x_wconf 92' lang='lat' dir='ltr'>et</span> <span class='ocrx_word' id='word_1_35' title='bbox 993 1377 1173 1459; x_wconf 90' lang='lat' dir='ltr'>proventus</span> <span class='ocrx_word' id='word_1_36' title='bbox 1207 1371 1332 1438; x_wconf 87' lang='lat' dir='ltr'>ecclesi·</span> <span class='ocrx_word' id='word_1_37' title='bbox 1345 1349 1460 1467; x_wconf 53' lang='lat' dir='ltr'>{ssfffl</span> 
     </span>
     <span class='ocr_line' id='line_1_6' title="bbox 285 1467 1332 1561; baseline -0.002 -21"><span class='ocrx_word' id='word_1_38' title='bbox 285 1475 413 1555; x_wconf 81' lang='lat' dir='ltr'>asticos,</span> <span class='ocrx_word' id='word_1_39' title='bbox 438 1475 537 1542; x_wconf 90' lang='lat' dir='ltr'>dictae</span> <span class='ocrx_word' id='word_1_40' title='bbox 559 1473 702 1541; x_wconf 82' lang='lat' dir='ltr'>eeclesiae</span> <span class='ocrx_word' id='word_1_41' title='bbox 729 1473 770 1539; x_wconf 90' lang='lat' dir='ltr'>de</span> <span class='ocrx_word' id='word_1_42' title='bbox 797 1467 1009 1561; x_wconf 83' lang='lat' dir='ltr'>Ksyngham,</span> <span class='ocrx_word' id='word_1_43' title='bbox 1033 1495 1072 1540; x_wconf 85' lang='lat' dir='ltr'>ao</span> <span class='ocrx_word' id='word_1_44' title='bbox 1102 1475 1145 1540; x_wconf 84' lang='lat' dir='ltr'>ed</span> <span class='ocrx_word' id='word_1_45' title='bbox 1174 1473 1332 1540; x_wconf 79' lang='lat' dir='ltr'>levandos</span> 
     </span>
     <span class='ocr_line' id='line_1_7' title="bbox 285 1563 1359 1664; baseline -0.001 -21"><span class='ocrx_word' id='word_1_46' title='bbox 285 1577 424 1659; x_wconf 86' lang='lat' dir='ltr'>eosdem,</span> <span class='ocrx_word' id='word_1_47' title='bbox 448 1575 648 1644; x_wconf 87' lang='lat' dir='ltr'>secundum¹</span> <span class='ocrx_word' id='word_1_48' title='bbox 679 1581 794 1642; x_wconf 83' lang='lat' dir='ltr'>texam</span> <span class='ocrx_word' id='word_1_49' title='bbox 816 1572 960 1642; x_wconf 82' lang='lat' dir='ltr'>ecclesiae</span> <span class='ocrx_word' id='word_1_50' title='bbox 982 1573 1159 1663; x_wconf 70' lang='lat' dir='ltr'>praedictus,</span> <span class='ocrx_word' id='word_1_51' title='bbox 1183 1577 1226 1642; x_wconf 85' lang='lat' dir='ltr'>ad</span> <span class='ocrx_word' id='word_1_52' title='bbox 1252 1597 1333 1664; x_wconf 91' lang='lat' dir='ltr'>opus</span> <span class='ocrx_word' id='word_1_53' title='bbox 1357 1563 1359 1566; x_wconf 33' lang='lat'>⁵</span> 
     </span>
     <span class='ocr_line' id='line_1_8' title="bbox 286 1678 1334 1767; baseline 0.002 -23"><span class='ocrx_word' id='word_1_54' title='bbox 286 1701 422 1746; x_wconf 80' lang='lat' dir='ltr'>oamerae</span> <span class='ocrx_word' id='word_1_55' title='bbox 444 1679 572 1746; x_wconf 90' lang='lat' dir='ltr'>domini</span> <span class='ocrx_word' id='word_1_56' title='bbox 609 1701 713 1767; x_wconf 85' lang='lat' dir='ltr'>papae,</span> <span class='ocrx_word' id='word_1_57' title='bbox 751 1679 916 1745; x_wconf 76' lang='lat' dir='ltr'>occasione</span> <span class='ocrx_word' id='word_1_58' title='bbox 953 1678 1099 1765; x_wconf 85' lang='lat' dir='ltr'>ejusdem</span> <span class='ocrx_word' id='word_1_59' title='bbox 1136 1679 1334 1766; x_wconf 84' lang='lat' dir='ltr'>provisionis</span> 
     </span>
     <span class='ocr_line' id='line_1_9' title="bbox 286 1781 1334 1869; baseline -0.001 -20"><span class='ocrx_word' id='word_1_60' title='bbox 286 1782 425 1868; x_wconf 81' lang='lat' dir='ltr'>prcefato</span> <span class='ocrx_word' id='word_1_61' title='bbox 447 1782 584 1848; x_wconf 88' lang='lat' dir='ltr'>domino</span> <span class='ocrx_word' id='word_1_62' title='bbox 607 1781 755 1848; x_wconf 87' lang='lat' dir='ltr'>Roberto</span> <span class='ocrx_word' id='word_1_63' title='bbox 777 1781 956 1848; x_wconf 84' lang='lat' dir='ltr'>decadem</span> <span class='ocrx_word' id='word_1_64' title='bbox 979 1781 1122 1860; x_wconf 87' lang='lat' dir='ltr'>ecclesia,</span> <span class='ocrx_word' id='word_1_65' title='bbox 1145 1803 1204 1868; x_wconf 90' lang='lat' dir='ltr'>per</span> <span class='ocrx_word' id='word_1_66' title='bbox 1233 1782 1334 1869; x_wconf 88' lang='lat' dir='ltr'>resig-</span> 
     </span>
     <span class='ocr_line' id='line_1_10' title="bbox 287 1881 1335 1950; baseline 0.001 -2"><span class='ocrx_word' id='word_1_67' title='bbox 287 1884 456 1950; x_wconf 87' lang='lat' dir='ltr'>nationem</span> <span class='ocrx_word' id='word_1_68' title='bbox 486 1905 544 1950; x_wconf 89' lang='lat' dir='ltr'>seu</span> <span class='ocrx_word' id='word_1_69' title='bbox 573 1883 799 1949; x_wconf 83' lang='lat' dir='ltr'>dimissionem</span> <span class='ocrx_word' id='word_1_70' title='bbox 829 1881 911 1949; x_wconf 92' lang='lat' dir='ltr'>dicti</span> <span class='ocrx_word' id='word_1_71' title='bbox 948 1881 1075 1948; x_wconf 90' lang='lat' dir='ltr'>domini</span> <span class='ocrx_word' id='word_1_72' title='bbox 1105 1882 1263 1949; x_wconf 89' lang='lat' dir='ltr'>Willelmi</span> <span class='ocrx_word' id='word_1_73' title='bbox 1293 1885 1335 1950; x_wconf 89' lang='lat' dir='ltr'>de</span> 
     </span>
     <span class='ocr_line' id='line_1_11' title="bbox 286 1984 1502 2077; baseline -0.002 -27"><span class='ocrx_word' id='word_1_74' title='bbox 286 1985 510 2074; x_wconf 74' lang='lat' dir='ltr'>Brokelesby,</span> <span class='ocrx_word' id='word_1_75' title='bbox 525 1985 632 2067; x_wconf 58' lang='lat' dir='ltr'>factm</span> <span class='ocrx_word' id='word_1_76' title='bbox 655 1991 695 2052; x_wconf 91' lang='lat' dir='ltr'>ut</span> <span class='ocrx_word' id='word_1_77' title='bbox 717 1990 768 2051; x_wconf 90' lang='lat' dir='ltr'>est</span> <span class='ocrx_word' id='word_1_78' title='bbox 790 1984 924 2052; x_wconf 83' lang='lat' dir='ltr'>dictum</span> <span class='ocrx_word' id='word_1_79' title='bbox 969 1985 1097 2052; x_wconf 77' lang='lat' dir='ltr'>Contra</span> <span class='ocrx_word' id='word_1_80' title='bbox 1118 2007 1201 2073; x_wconf 87' lang='lat' dir='ltr'>quas</span> <span class='ocrx_word' id='word_1_81' title='bbox 1222 1991 1335 2052; x_wconf 81' lang='lat' dir='ltr'>tumen</span> <span class='ocrx_word' id='word_1_82' title='bbox 1347 1985 1502 2077; x_wconf 74' lang='lat' dir='ltr'>Plecoru&#39;e</span> 
     </span>
     <span class='ocr_line' id='line_1_12' title="bbox 285 2071 1497 2195; baseline 0.001 -41"><span class='ocrx_word' id='word_1_83' title='bbox 285 2089 505 2176; x_wconf 72' lang='lat' dir='ltr'>provisionem</span> <span class='ocrx_word' id='word_1_84' title='bbox 521 2093 557 2154; x_wconf 90' lang='lat' dir='ltr'>et</span> <span class='ocrx_word' id='word_1_85' title='bbox 577 2087 867 2155; x_wconf 80' lang='lat' dir='ltr'>commissionem²</span> <span class='ocrx_word' id='word_1_86' title='bbox 890 2109 950 2175; x_wconf 90' lang='lat' dir='ltr'>per</span> <span class='ocrx_word' id='word_1_87' title='bbox 970 2110 1030 2155; x_wconf 89' lang='lat' dir='ltr'>noe</span> <span class='ocrx_word' id='word_1_88' title='bbox 1052 2093 1087 2155; x_wconf 89' lang='lat' dir='ltr'>et</span> <span class='ocrx_word' id='word_1_89' title='bbox 1108 2094 1335 2176; x_wconf 73' lang='lat' dir='ltr'>procuratores</span> <span class='ocrx_word' id='word_1_90' title='bbox 1348 2071 1497 2195; x_wconf 52' lang='lat' dir='ltr'>{ffiffi&#39;</span> 
     </span>
     <span class='ocr_line' id='line_1_13' title="bbox 285 2189 1336 2278; baseline 0.002 -22"><span class='ocrx_word' id='word_1_91' title='bbox 285 2195 416 2257; x_wconf 85' lang='lat' dir='ltr'>nostros</span> <span class='ocrx_word' id='word_1_92' title='bbox 437 2192 545 2258; x_wconf 86' lang='lat' dir='ltr'>fuerat</span> <span class='ocrx_word' id='word_1_93' title='bbox 564 2189 754 2278; x_wconf 20' lang='lat' dir='ltr'>*allegatum</span> <span class='ocrx_word' id='word_1_94' title='bbox 767 2191 856 2277; x_wconf 91' lang='lat' dir='ltr'>quod</span> <span class='ocrx_word' id='word_1_95' title='bbox 870 2189 1022 2278; x_wconf 85' lang='lat' dir='ltr'>praedicti</span> <span class='ocrx_word' id='word_1_96' title='bbox 1036 2190 1172 2270; x_wconf 87' lang='lat' dir='ltr'>fructus,</span> <span class='ocrx_word' id='word_1_97' title='bbox 1186 2192 1336 2258; x_wconf 77' lang='lat' dir='ltr'>reddibus</span> 
     </span>
    </p>

    <p class='ocr_par' dir='ltr' id='par_1_4' title="bbox 286 2283 1333 2382">
     <span class='ocr_line' id='line_1_14' title="bbox 286 2283 1333 2382; baseline 0.001 -23"><span class='ocrx_word' id='word_1_98' title='bbox 286 2315 343 2360; x_wconf 87' lang='lat' dir='ltr'>seu</span> <span class='ocrx_word' id='word_1_99' title='bbox 364 2299 545 2381; x_wconf 89' lang='lat' dir='ltr'>proventus</span> <span class='ocrx_word' id='word_1_100' title='bbox 557 2293 774 2372; x_wconf 85' lang='lat' dir='ltr'>ecclesiastici,</span> <span class='ocrx_word' id='word_1_101' title='bbox 790 2283 893 2380; x_wconf 86' lang='lat' dir='ltr'>ipsius</span> <span class='ocrx_word' id='word_1_102' title='bbox 908 2292 1051 2359; x_wconf 84' lang='lat' dir='ltr'>ecclesiae</span> <span class='ocrx_word' id='word_1_103' title='bbox 1066 2293 1107 2359; x_wconf 87' lang='lat' dir='ltr'>de</span> <span class='ocrx_word' id='word_1_104' title='bbox 1123 2293 1333 2382; x_wconf 86' lang='lat' dir='ltr'>Kayngham,</span> 
     </span>
    </p>

    <p class='ocr_par' dir='ltr' id='par_1_5' title="bbox 286 2393 1337 2586">
     <span class='ocr_line' id='line_1_15' title="bbox 286 2393 1335 2483; baseline 0.001 -21"><span class='ocrx_word' id='word_1_105' title='bbox 286 2417 341 2462; x_wconf 87' lang='lat' dir='ltr'>seu</span> <span class='ocrx_word' id='word_1_106' title='bbox 365 2401 448 2462; x_wconf 82' lang='lat' dir='ltr'>texe</span> <span class='ocrx_word' id='word_1_107' title='bbox 468 2394 624 2481; x_wconf 86' lang='lat' dir='ltr'>ejusdem,</span> <span class='ocrx_word' id='word_1_108' title='bbox 647 2395 839 2462; x_wconf 88' lang='lat' dir='ltr'>nullatenus</span> <span class='ocrx_word' id='word_1_109' title='bbox 861 2393 1020 2461; x_wconf 88' lang='lat' dir='ltr'>deberent</span> <span class='ocrx_word' id='word_1_110' title='bbox 1053 2395 1095 2462; x_wconf 82' lang='lat' dir='ltr'>ed</span> <span class='ocrx_word' id='word_1_111' title='bbox 1128 2417 1211 2483; x_wconf 89' lang='lat' dir='ltr'>opus</span> <span class='ocrx_word' id='word_1_112' title='bbox 1236 2395 1335 2464; x_wconf 71' lang='lat' dir='ltr'>diotre</span> 
     </span>
     <span class='ocr_line' id='line_1_16' title="bbox 286 2496 1337 2586; baseline -0.001 -22"><span class='ocrx_word' id='word_1_113' title='bbox 286 2519 423 2564; x_wconf 77' lang='lat' dir='ltr'>camerae</span> <span class='ocrx_word' id='word_1_114' title='bbox 445 2497 570 2564; x_wconf 90' lang='lat' dir='ltr'>domini</span> <span class='ocrx_word' id='word_1_115' title='bbox 592 2497 710 2585; x_wconf 78' lang='lat' dir='ltr'>papae³</span> <span class='ocrx_word' id='word_1_116' title='bbox 743 2496 848 2564; x_wconf 87' lang='lat' dir='ltr'>levari</span> <span class='ocrx_word' id='word_1_117' title='bbox 878 2517 937 2562; x_wconf 89' lang='lat' dir='ltr'>seu</span> <span class='ocrx_word' id='word_1_118' title='bbox 966 2497 1212 2584; x_wconf 75' lang='lat' dir='ltr'>quomodolibet</span> <span class='ocrx_word' id='word_1_119' title='bbox 1233 2499 1337 2586; x_wconf 81' lang='lat' dir='ltr'>sppli-</span> 
     </span>
    </p>

    <p class='ocr_par' dir='ltr' id='par_1_6' title="bbox 287 2599 1337 2892">
     <span class='ocr_line' id='line_1_17' title="bbox 287 2599 1336 2689; baseline -0.002 -21"><span class='ocrx_word' id='word_1_120' title='bbox 287 2601 362 2680; x_wconf 82' lang='lat' dir='ltr'>can‘,</span> <span class='ocrx_word' id='word_1_121' title='bbox 393 2623 454 2689; x_wconf 89' lang='lat' dir='ltr'>pro</span> <span class='ocrx_word' id='word_1_122' title='bbox 484 2623 522 2666; x_wconf 89' lang='lat' dir='ltr'>eo</span> <span class='ocrx_word' id='word_1_123' title='bbox 545 2606 581 2666; x_wconf 91' lang='lat' dir='ltr'>et</span> <span class='ocrx_word' id='word_1_124' title='bbox 614 2621 657 2666; x_wconf 84' lang='lat' dir='ltr'>ex</span> <span class='ocrx_word' id='word_1_125' title='bbox 690 2622 729 2667; x_wconf 91' lang='lat' dir='ltr'>eo</span> <span class='ocrx_word' id='word_1_126' title='bbox 758 2600 847 2688; x_wconf 92' lang='lat' dir='ltr'>quod</span> <span class='ocrx_word' id='word_1_127' title='bbox 870 2599 1054 2666; x_wconf 80' lang='lat' dir='ltr'>Edwardus</span> <span class='ocrx_word' id='word_1_128' title='bbox 1081 2601 1247 2686; x_wconf 85' lang='lat' dir='ltr'>quondam</span> <span class='ocrx_word' id='word_1_129' title='bbox 1276 2622 1336 2666; x_wconf 82' lang='lat' dir='ltr'>rex</span> 
     </span>
     <span class='ocr_line' id='line_1_18' title="bbox 288 2697 1335 2792; baseline -0.001 -22"><span class='ocrx_word' id='word_1_130' title='bbox 288 2703 430 2792; x_wconf 80' lang='lat' dir='ltr'>Anglies,</span> <span class='ocrx_word' id='word_1_131' title='bbox 453 2723 551 2770; x_wconf 89' lang='lat' dir='ltr'>verus</span> <span class='ocrx_word' id='word_1_132' title='bbox 575 2703 679 2791; x_wconf 87' lang='lat' dir='ltr'>ipsius</span> <span class='ocrx_word' id='word_1_133' title='bbox 700 2701 843 2770; x_wconf 86' lang='lat' dir='ltr'>ecclesiae</span> <span class='ocrx_word' id='word_1_134' title='bbox 880 2703 922 2769; x_wconf 92' lang='lat' dir='ltr'>de</span> <span class='ocrx_word' id='word_1_135' title='bbox 945 2701 1146 2790; x_wconf 81' lang='lat' dir='ltr'>Kayughsm</span> <span class='ocrx_word' id='word_1_136' title='bbox 1168 2697 1335 2791; x_wconf 87' lang='lat' dir='ltr'>patronus,</span> 
     </span>
     <span class='ocr_line' id='line_1_19' title="bbox 287 2805 1337 2892; baseline -0.001 -20"><span class='ocrx_word' id='word_1_137' title='bbox 287 2807 538 2873; x_wconf 77' lang='lat' dir='ltr'>advocationem</span> <span class='ocrx_word' id='word_1_138' title='bbox 559 2805 632 2871; x_wconf 86' lang='lat' dir='ltr'>sive</span> <span class='ocrx_word' id='word_1_139' title='bbox 657 2805 716 2892; x_wconf 86' lang='lat' dir='ltr'>jus</span> <span class='ocrx_word' id='word_1_140' title='bbox 737 2809 935 2892; x_wconf 83' lang='lat' dir='ltr'>potronatus</span> <span class='ocrx_word' id='word_1_141' title='bbox 956 2805 1061 2892; x_wconf 78' lang='lat' dir='ltr'>ipsius</span> <span class='ocrx_word' id='word_1_142' title='bbox 1084 2805 1227 2873; x_wconf 81' lang='lat' dir='ltr'>ecclesiae</span> <span class='ocrx_word' id='word_1_143' title='bbox 1242 2806 1337 2872; x_wconf 87' lang='lat' dir='ltr'>nobis</span> 
     </span>
    </p>

    <p class='ocr_par' dir='ltr' id='par_1_7' title="bbox 288 2907 1336 3078">
     <span class='ocr_line' id='line_1_20' title="bbox 288 2907 1335 2986; baseline 0 -12"><span class='ocrx_word' id='word_1_144' title='bbox 288 2913 323 2974; x_wconf 87' lang='lat' dir='ltr'>et</span> <span class='ocrx_word' id='word_1_145' title='bbox 343 2908 542 2975; x_wconf 70' lang='lat' dir='ltr'>monasterio</span> <span class='ocrx_word' id='word_1_146' title='bbox 562 2913 677 2976; x_wconf 86' lang='lat' dir='ltr'>nostro</span> <span class='ocrx_word' id='word_1_147' title='bbox 699 2907 892 2986; x_wconf 86' lang='lat' dir='ltr'>contulerat,</span> <span class='ocrx_word' id='word_1_148' title='bbox 915 2907 958 2973; x_wconf 85' lang='lat' dir='ltr'>ed</span> <span class='ocrx_word' id='word_1_149' title='bbox 981 2907 1134 2974; x_wconf 84' lang='lat' dir='ltr'>effectum</span> <span class='ocrx_word' id='word_1_150' title='bbox 1156 2913 1197 2974; x_wconf 90' lang='lat' dir='ltr'>ut</span> <span class='ocrx_word' id='word_1_151' title='bbox 1222 2909 1335 2974; x_wconf 87' lang='lat' dir='ltr'>eadem</span> 
     </span>
     <span class='ocr_line' id='line_1_21' title="bbox 288 3010 1336 3078; baseline -0.003 0"><span class='ocrx_word' id='word_1_152' title='bbox 288 3012 423 3078; x_wconf 85' lang='lat' dir='ltr'>ecclesia</span> <span class='ocrx_word' id='word_1_153' title='bbox 447 3011 543 3077; x_wconf 87' lang='lat' dir='ltr'>nobis</span> <span class='ocrx_word' id='word_1_154' title='bbox 565 3016 601 3077; x_wconf 88' lang='lat' dir='ltr'>et</span> <span class='ocrx_word' id='word_1_155' title='bbox 622 3011 824 3077; x_wconf 85' lang='lat' dir='ltr'>monasterio</span> <span class='ocrx_word' id='word_1_156' title='bbox 846 3014 961 3076; x_wconf 87' lang='lat' dir='ltr'>nostro</span> <span class='ocrx_word' id='word_1_157' title='bbox 992 3010 1090 3075; x_wconf 88' lang='lat' dir='ltr'>unite</span> <span class='ocrx_word' id='word_1_158' title='bbox 1113 3010 1198 3077; x_wconf 87' lang='lat' dir='ltr'>foret</span> <span class='ocrx_word' id='word_1_159' title='bbox 1221 3017 1256 3077; x_wconf 92' lang='lat' dir='ltr'>et</span> <span class='ocrx_word' id='word_1_160' title='bbox 1278 3033 1336 3076; x_wconf 86' lang='lat' dir='ltr'>an-</span> 
     </span>
    </p>

    <p class='ocr_par' dir='ltr' id='par_1_8' title="bbox 288 3108 1337 3303">
     <span class='ocr_line' id='line_1_22' title="bbox 288 3108 1337 3200; baseline -0.002 -22"><span class='ocrx_word' id='word_1_161' title='bbox 288 3135 385 3193; x_wconf 87' lang='lat' dir='ltr'>nexa,</span> <span class='ocrx_word' id='word_1_162' title='bbox 399 3115 436 3179; x_wconf 92' lang='lat' dir='ltr'>in</span> <span class='ocrx_word' id='word_1_163' title='bbox 457 3120 587 3180; x_wconf 86' lang='lat' dir='ltr'>nostros</span> <span class='ocrx_word' id='word_1_164' title='bbox 601 3133 679 3180; x_wconf 84' lang='lat' dir='ltr'>usus</span> <span class='ocrx_word' id='word_1_165' title='bbox 700 3113 849 3200; x_wconf 91' lang='lat' dir='ltr'>proprios</span> <span class='ocrx_word' id='word_1_166' title='bbox 863 3108 1068 3198; x_wconf 83' lang='lat' dir='ltr'>possidenda,</span> <span class='ocrx_word' id='word_1_167' title='bbox 1090 3111 1127 3176; x_wconf 89' lang='lat' dir='ltr'>in</span> <span class='ocrx_word' id='word_1_168' title='bbox 1151 3133 1337 3199; x_wconf 87' lang='lat' dir='ltr'>recompen-</span> 
     </span>
     <span class='ocr_line' id='line_1_23' title="bbox 288 3213 1337 3303; baseline -0.005 -19"><span class='ocrx_word' id='word_1_169' title='bbox 288 3217 449 3284; x_wconf 88' lang='lat' dir='ltr'>sationem</span> <span class='ocrx_word' id='word_1_170' title='bbox 472 3215 678 3303; x_wconf 84' lang='lat' dir='ltr'>quorundam</span> <span class='ocrx_word' id='word_1_171' title='bbox 700 3219 862 3280; x_wconf 87' lang='lat' dir='ltr'>terrarum</span> <span class='ocrx_word' id='word_1_172' title='bbox 888 3218 923 3278; x_wconf 91' lang='lat' dir='ltr'>et</span> <span class='ocrx_word' id='word_1_173' title='bbox 948 3213 1188 3300; x_wconf 79' lang='lat' dir='ltr'>possessionum</span> <span class='ocrx_word' id='word_1_174' title='bbox 1210 3220 1337 3279; x_wconf 86' lang='lat' dir='ltr'>nostru·</span> 
     </span>
    </p>

    <p class='ocr_par' dir='ltr' id='par_1_9' title="bbox 289 3315 1340 3610">
     <span class='ocr_line' id='line_1_24' title="bbox 289 3315 1337 3406; baseline -0.004 -21"><span class='ocrx_word' id='word_1_175' title='bbox 289 3339 372 3398; x_wconf 89' lang='lat' dir='ltr'>rum,</span> <span class='ocrx_word' id='word_1_176' title='bbox 386 3341 468 3406; x_wconf 88' lang='lat' dir='ltr'>quas</span> <span class='ocrx_word' id='word_1_177' title='bbox 482 3317 573 3384; x_wconf 91' lang='lat' dir='ltr'>idem</span> <span class='ocrx_word' id='word_1_178' title='bbox 588 3339 648 3384; x_wconf 87' lang='lat' dir='ltr'>rex</span> <span class='ocrx_word' id='word_1_179' title='bbox 659 3316 774 3383; x_wconf 86' lang='lat' dir='ltr'>usibus</span> <span class='ocrx_word' id='word_1_180' title='bbox 789 3315 954 3404; x_wconf 77' lang='lat' dir='ltr'>regalibus</span> <span class='ocrx_word' id='word_1_181' title='bbox 969 3315 1120 3381; x_wconf 79' lang='lat' dir='ltr'>totaliter</span> <span class='ocrx_word' id='word_1_182' title='bbox 1133 3315 1316 3403; x_wconf 73' lang='lat' dir='ltr'>applicavit</span> <span class='ocrx_word' id='word_1_183' title='bbox 1330 3342 1337 3396; x_wconf 93' lang='lat'>;</span> 
     </span>
     <span class='ocr_line' id='line_1_25' title="bbox 289 3417 1337 3508; baseline -0.004 -22"><span class='ocrx_word' id='word_1_184' title='bbox 289 3421 458 3508; x_wconf 81' lang='lat' dir='ltr'>ipsamque</span> <span class='ocrx_word' id='word_1_185' title='bbox 483 3420 651 3486; x_wconf 89' lang='lat' dir='ltr'>ecclesiam</span> <span class='ocrx_word' id='word_1_186' title='bbox 674 3419 715 3485; x_wconf 93' lang='lat' dir='ltr'>de</span> <span class='ocrx_word' id='word_1_187' title='bbox 738 3419 940 3506; x_wconf 84' lang='lat' dir='ltr'>Kayngham</span> <span class='ocrx_word' id='word_1_188' title='bbox 963 3417 1149 3484; x_wconf 88' lang='lat' dir='ltr'>Willelmus</span> <span class='ocrx_word' id='word_1_189' title='bbox 1172 3417 1337 3506; x_wconf 89' lang='lat' dir='ltr'>quondam</span> 
     </span>
     <span class='ocr_line' id='line_1_26' title="bbox 290 3519 1340 3610; baseline -0.004 -21"><span class='ocrx_word' id='word_1_190' title='bbox 290 3521 505 3590; x_wconf 84' lang='lat' dir='ltr'>Eboracensis</span> <span class='ocrx_word' id='word_1_191' title='bbox 528 3521 796 3610; x_wconf 86' lang='lat' dir='ltr'>archiepiscopus,</span> <span class='ocrx_word' id='word_1_192' title='bbox 819 3521 863 3586; x_wconf 90' lang='lat' dir='ltr'>ad</span> <span class='ocrx_word' id='word_1_193' title='bbox 883 3525 1035 3607; x_wconf 83' lang='lat' dir='ltr'>rogatum</span> <span class='ocrx_word' id='word_1_194' title='bbox 1057 3519 1192 3608; x_wconf 83' lang='lat' dir='ltr'>regium,</span> <span class='ocrx_word' id='word_1_195' title='bbox 1209 3521 1250 3586; x_wconf 91' lang='lat' dir='ltr'>de</span> <span class='ocrx_word' id='word_1_196' title='bbox 1265 3543 1340 3586; x_wconf 88' lang='lat' dir='ltr'>con-</span> 
     </span>
    </p>

    <p class='ocr_par' dir='ltr' id='par_1_10' title="bbox 290 3619 1340 3713">
     <span class='ocr_line' id='line_1_27' title="bbox 290 3619 1340 3713; baseline -0.004 -20"><span class='ocrx_word' id='word_1_197' title='bbox 290 3647 388 3692; x_wconf 86' lang='lat' dir='ltr'>sensu</span> <span class='ocrx_word' id='word_1_198' title='bbox 409 3624 546 3713; x_wconf 87' lang='lat' dir='ltr'>capituli</span> <span class='ocrx_word' id='word_1_199' title='bbox 574 3619 627 3689; x_wconf 87' lang='lat' dir='ltr'>sui</span> <span class='ocrx_word' id='word_1_200' title='bbox 660 3623 884 3701; x_wconf 81' lang='lat' dir='ltr'>Eboracensis,</span> <span class='ocrx_word' id='word_1_201' title='bbox 908 3645 951 3688; x_wconf 86' lang='lat' dir='ltr'>ex</span> <span class='ocrx_word' id='word_1_202' title='bbox 978 3623 1084 3688; x_wconf 84' lang='lat' dir='ltr'>causis</span> <span class='ocrx_word' id='word_1_203' title='bbox 1106 3623 1282 3710; x_wconf 72' lang='lat' dir='ltr'>praemissis</span> <span class='ocrx_word' id='word_1_204' title='bbox 1305 3631 1340 3689; x_wconf 89' lang='lat' dir='ltr'>et</span> 
     </span>
    </p>

    <p class='ocr_par' dir='ltr' id='par_1_11' title="bbox 290 3721 1340 4020">
     <span class='ocr_line' id='line_1_28' title="bbox 290 3721 1340 3816; baseline -0.002 -22"><span class='ocrx_word' id='word_1_205' title='bbox 290 3727 364 3794; x_wconf 82' lang='lat' dir='ltr'>aliis</span> <span class='ocrx_word' id='word_1_206' title='bbox 378 3727 484 3795; x_wconf 87' lang='lat' dir='ltr'>causis</span> <span class='ocrx_word' id='word_1_207' title='bbox 499 3721 666 3816; x_wconf 82' lang='lat' dir='ltr'>legitimis,</span> <span class='ocrx_word' id='word_1_208' title='bbox 679 3723 775 3791; x_wconf 87' lang='lat' dir='ltr'>nobis</span> <span class='ocrx_word' id='word_1_209' title='bbox 790 3733 825 3792; x_wconf 88' lang='lat' dir='ltr'>et</span> <span class='ocrx_word' id='word_1_210' title='bbox 844 3725 1042 3792; x_wconf 83' lang='lat' dir='ltr'>monastario</span> <span class='ocrx_word' id='word_1_211' title='bbox 1058 3731 1170 3792; x_wconf 88' lang='lat' dir='ltr'>nostro</span> <span class='ocrx_word' id='word_1_212' title='bbox 1185 3726 1340 3792; x_wconf 83' lang='lat' dir='ltr'>canonice</span> 
     </span>
     <span class='ocr_line' id='line_1_29' title="bbox 291 3827 1338 3919; baseline 0 -25"><span class='ocrx_word' id='word_1_213' title='bbox 291 3829 526 3919; x_wconf 86' lang='lat' dir='ltr'>appropriavit,</span> <span class='ocrx_word' id='word_1_214' title='bbox 549 3827 712 3895; x_wconf 83' lang='lat' dir='ltr'>annexuit</span> <span class='ocrx_word' id='word_1_215' title='bbox 727 3832 762 3894; x_wconf 87' lang='lat' dir='ltr'>et</span> <span class='ocrx_word' id='word_1_216' title='bbox 776 3827 898 3907; x_wconf 89' lang='lat' dir='ltr'>univit,</span> <span class='ocrx_word' id='word_1_217' title='bbox 914 3833 1072 3916; x_wconf 89' lang='lat' dir='ltr'>perpetuo</span> <span class='ocrx_word' id='word_1_218' title='bbox 1087 3828 1315 3916; x_wconf 85' lang='lat' dir='ltr'>possidendam</span> <span class='ocrx_word' id='word_1_219' title='bbox 1331 3855 1338 3909; x_wconf 92' lang='lat'>;</span> 
     </span>
     <span class='ocr_line' id='line_1_30' title="bbox 292 3929 1339 4020; baseline -0.001 -23"><span class='ocrx_word' id='word_1_220' title='bbox 292 3953 416 4020; x_wconf 88' lang='lat' dir='ltr'>nosque</span> <span class='ocrx_word' id='word_1_221' title='bbox 449 3931 588 3999; x_wconf 89' lang='lat' dir='ltr'>eandem</span> <span class='ocrx_word' id='word_1_222' title='bbox 620 3931 795 4010; x_wconf 88' lang='lat' dir='ltr'>ecclesiam,</span> <span class='ocrx_word' id='word_1_223' title='bbox 818 3951 876 4016; x_wconf 91' lang='lat' dir='ltr'>per</span> <span class='ocrx_word' id='word_1_224' title='bbox 907 3929 1044 3996; x_wconf 87' lang='lat' dir='ltr'>liberam</span> <span class='ocrx_word' id='word_1_225' title='bbox 1083 3931 1339 4016; x_wconf 84' lang='lat' dir='ltr'>resignationem</span> 
     </span>
    </p>

    <p class='ocr_par' dir='ltr' id='par_1_12' title="bbox 292 4031 1449 4532">
     <span class='ocr_line' id='line_1_31' title="bbox 292 4031 1339 4118; baseline -0.002 -18"><span class='ocrx_word' id='word_1_226' title='bbox 292 4040 329 4100; x_wconf 90' lang='lat' dir='ltr'>et</span> <span class='ocrx_word' id='word_1_227' title='bbox 358 4034 580 4101; x_wconf 84' lang='lat' dir='ltr'>dimissionem</span> <span class='ocrx_word' id='word_1_228' title='bbox 612 4032 737 4098; x_wconf 90' lang='lat' dir='ltr'>domini</span> <span class='ocrx_word' id='word_1_229' title='bbox 764 4031 930 4098; x_wconf 70' lang='lat' dir='ltr'>«Iohannis</span> <span class='ocrx_word' id='word_1_230' title='bbox 963 4032 1003 4097; x_wconf 91' lang='lat' dir='ltr'>de</span> <span class='ocrx_word' id='word_1_231' title='bbox 1039 4031 1192 4118; x_wconf 88' lang='lat' dir='ltr'>Botheby</span> <span class='ocrx_word' id='word_1_232' title='bbox 1228 4033 1339 4100; x_wconf 87' lang='lat' dir='ltr'>ultimi</span> 
     </span>
     <span class='ocr_line' id='line_1_32' title="bbox 292 4132 1449 4222; baseline -0.001 -20"><span class='ocrx_word' id='word_1_233' title='bbox 292 4137 427 4202; x_wconf 85' lang='lat' dir='ltr'>rectoris</span> <span class='ocrx_word' id='word_1_234' title='bbox 448 4134 594 4222; x_wconf 86' lang='lat' dir='ltr'>ejusdem</span> <span class='ocrx_word' id='word_1_235' title='bbox 616 4140 800 4214; x_wconf 81' lang='lat' dir='ltr'>vacentem,</span> <span class='ocrx_word' id='word_1_236' title='bbox 824 4139 858 4200; x_wconf 89' lang='lat' dir='ltr'>et</span> <span class='ocrx_word' id='word_1_237' title='bbox 881 4133 1029 4220; x_wconf 88' lang='lat' dir='ltr'>ejusdem</span> <span class='ocrx_word' id='word_1_238' title='bbox 1052 4132 1193 4200; x_wconf 72' lang='lat' dir='ltr'>ecclesis</span> <span class='ocrx_word' id='word_1_239' title='bbox 1215 4155 1338 4222; x_wconf 87' lang='lat' dir='ltr'>posses-</span> <span class='ocrx_word' id='word_1_240' title='bbox 1446 4161 1449 4168; x_wconf 62' lang='lat'><em>¹</em></span> 
     </span>
     <span class='ocr_line' id='line_1_33' title="bbox 292 4233 1341 4326; baseline -0.002 -20"><span class='ocrx_word' id='word_1_241' title='bbox 292 4239 417 4306; x_wconf 85' lang='lat' dir='ltr'>sionem</span> <span class='ocrx_word' id='word_1_242' title='bbox 446 4239 561 4326; x_wconf 86' lang='lat' dir='ltr'>vigore</span> <span class='ocrx_word' id='word_1_243' title='bbox 582 4237 714 4304; x_wconf 87' lang='lat' dir='ltr'>unionis</span> <span class='ocrx_word' id='word_1_244' title='bbox 736 4241 772 4303; x_wconf 88' lang='lat' dir='ltr'>et</span> <span class='ocrx_word' id='word_1_245' title='bbox 800 4236 997 4302; x_wconf 84' lang='lat' dir='ltr'>annexionis</span> <span class='ocrx_word' id='word_1_246' title='bbox 1026 4233 1213 4321; x_wconf 87' lang='lat' dir='ltr'>hujusmodi</span> <span class='ocrx_word' id='word_1_247' title='bbox 1234 4259 1341 4326; x_wconf 90' lang='lat' dir='ltr'>nuper</span> 
     </span>
     <span class='ocr_line' id='line_1_34' title="bbox 293 4339 1340 4430; baseline 0 -23"><span class='ocrx_word' id='word_1_248' title='bbox 293 4341 440 4430; x_wconf 83' lang='lat' dir='ltr'>ingressi,</span> <span class='ocrx_word' id='word_1_249' title='bbox 462 4362 566 4427; x_wconf 89' lang='lat' dir='ltr'>usque</span> <span class='ocrx_word' id='word_1_250' title='bbox 587 4346 668 4406; x_wconf 91' lang='lat' dir='ltr'>tunc</span> <span class='ocrx_word' id='word_1_251' title='bbox 691 4341 848 4406; x_wconf 89' lang='lat' dir='ltr'>continue</span> <span class='ocrx_word' id='word_1_252' title='bbox 868 4339 1119 4428; x_wconf 82' lang='lat' dir='ltr'>possidebamus,</span> <span class='ocrx_word' id='word_1_253' title='bbox 1134 4340 1284 4407; x_wconf 79' lang='lat' dir='ltr'>fructus⁴</span> <span class='ocrx_word' id='word_1_254' title='bbox 1306 4349 1340 4408; x_wconf 90' lang='lat' dir='ltr'>et</span> 
     </span>
     <span class='ocr_line' id='line_1_35' title="bbox 293 4441 1338 4532; baseline 0.001 -22"><span class='ocrx_word' id='word_1_255' title='bbox 293 4449 472 4532; x_wconf 88' lang='lat' dir='ltr'>proventus</span> <span class='ocrx_word' id='word_1_256' title='bbox 494 4443 725 4510; x_wconf 81' lang='lat' dir='ltr'>ecclesiasticos</span> <span class='ocrx_word' id='word_1_257' title='bbox 753 4441 855 4508; x_wconf 84' lang='lat' dir='ltr'>libem</span> <span class='ocrx_word' id='word_1_258' title='bbox 888 4441 1104 4528; x_wconf 87' lang='lat' dir='ltr'>percipientes</span> <span class='ocrx_word' id='word_1_259' title='bbox 1137 4465 1181 4509; x_wconf 82' lang='lat' dir='ltr'>ex</span> <span class='ocrx_word' id='word_1_260' title='bbox 1217 4443 1338 4511; x_wconf 88' lang='lat' dir='ltr'>eadem.</span> 
     </span>
    </p>
   </div>
   <div class='ocr_carea' id='block_1_4' title="bbox 983 4619 1023 4626">
    <p class='ocr_par' dir='ltr' id='par_1_13' title="bbox 983 4619 1023 4626">
     <span class='ocr_line' id='line_1_36' title="bbox 983 4619 1023 4626; baseline 0 0"><span class='ocrx_word' id='word_1_261' title='bbox 983 4619 1023 4626; x_wconf 62' lang='grc'>.-</span> 
     </span>
    </p>
   </div>
   <div class='ocr_carea' id='block_1_5' title="bbox 253 4696 1339 4874">
    <p class='ocr_par' dir='ltr' id='par_1_14' title="bbox 253 4696 1339 4874">
     <span class='ocr_line' id='line_1_37' title="bbox 253 4696 1288 4796; baseline 0.022 -36"><span class='ocrx_word' id='word_1_262' title='bbox 253 4712 255 4721; x_wconf 71' lang='lat'><em>¹</em></span> <span class='ocrx_word' id='word_1_263' title='bbox 328 4696 344 4762; x_wconf 49' lang='grc' dir='ltr'>ι’</span> <span class='ocrx_word' id='word_1_264' title='bbox 353 4727 495 4796; x_wconf 56' lang='lat' dir='ltr'>mmm]</span> <span class='ocrx_word' id='word_1_265' title='bbox 515 4743 568 4789; x_wconf 64' lang='lat' dir='ltr'>geu,</span> <span class='ocrx_word' id='word_1_266' title='bbox 580 4727 610 4794; x_wconf 97' lang='grc' dir='ltr'><strong>Ρ</strong></span> <span class='ocrx_word' id='word_1_267' title='bbox 874 4725 885 4758; x_wconf 80' lang='lat'><strong>³</strong></span> <span class='ocrx_word' id='word_1_268' title='bbox 901 4725 990 4778; x_wconf 80' lang='lat' dir='ltr'>domiai</span> <span class='ocrx_word' id='word_1_269' title='bbox 996 4727 1086 4794; x_wconf 75' lang='lat' dir='ltr'>popa]</span> <span class='ocrx_word' id='word_1_270' title='bbox 1100 4729 1248 4795; x_wconf 70' lang='lat' dir='ltr'>senungis</span> <span class='ocrx_word' id='word_1_271' title='bbox 1259 4731 1288 4784; x_wconf 88' lang='lat' dir='ltr'>P.</span> 
     </span>
     <span class='ocr_line' id='line_1_38' title="bbox 325 4805 1339 4874; baseline 0.022 -32"><span class='ocrx_word' id='word_1_272' title='bbox 325 4809 337 4842; x_wconf 81' lang='lat' dir='ltr'>r</span> <span class='ocrx_word' id='word_1_273' title='bbox 353 4809 548 4874; x_wconf 52' lang='lat' dir='ltr'>musmonem]</span> <span class='ocrx_word' id='word_1_274' title='bbox 567 4807 720 4867; x_wconf 77' lang='lat' dir='ltr'>mandatum,</span> <span class='ocrx_word' id='word_1_275' title='bbox 731 4805 761 4856; x_wconf 92' lang='lat' dir='ltr'>P.</span> <span class='ocrx_word' id='word_1_276' title='bbox 875 4806 885 4836; x_wconf 87' lang='lat'>⁴</span> <span class='ocrx_word' id='word_1_277' title='bbox 902 4807 977 4857; x_wconf 77' lang='lat' dir='ltr'>Alter</span> <span class='ocrx_word' id='word_1_278' title='bbox 981 4809 1085 4871; x_wconf 74' lang='lat' dir='ltr'>fluctus</span> <span class='ocrx_word' id='word_1_279' title='bbox 1095 4808 1173 4860; x_wconf 84' lang='lat' dir='ltr'>insert</span> <span class='ocrx_word' id='word_1_280' title='bbox 1182 4811 1302 4872; x_wconf 85' lang='lat' dir='ltr'>redditus,</span> <span class='ocrx_word' id='word_1_281' title='bbox 1309 4812 1339 4864; x_wconf 94' lang='lat' dir='ltr'>P.</span> 
     </span>
    </p>
   </div>
   <div class='ocr_carea' id='block_1_6' title="bbox 0 0 1826 5888">
    <p class='ocr_par' dir='ltr' id='par_1_15' title="bbox 0 0 1826 5888">
     <span class='ocr_line' id='line_1_39' title="bbox 0 0 1826 5888; baseline 0 0"><span class='ocrx_word' id='word_1_282' title='bbox 0 0 1826 5888; x_wconf 95' lang='lat' dir='ltr'> </span> 
     </span>
    </p>
   </div>
  </div>
 </body>
</html>
