3578 5874
496 887 560 948 220
673 901 874 954 wruumuus
897 903 1003 953 sauss
1026 904 1181 954 oorsvus
1205 903 1363 955 nuoruus.

326 1083 394 1134 An.
409 1079 471 1138 rara
493 1073 597 1138 feodis
620 1074 774 1154 militum,
798 1074 1069 1140 advocationibus
1092 1075 1306 1152 ecclesiarum,
1323 1073 1538 1156 abbatiarum,

328 1157 416 1204 '¹³⁹⁶'
494 1176 705 1260 prioratuum,
728 1181 762 1240 et
784 1176 857 1240 aliis
880 1177 1087 1261 pertiuentiis
1110 1176 1186 1255 suis,
1207 1177 1311 1241 eidem
1336 1177 1481 1242 manerio
1504 1179 1539 1244 iu

493 1299 684 1363 quocunque
714 1277 811 1342 modo
836 1278 888 1342 vel
919 1277 955 1341 in
979 1299 1171 1365 quocunque
1193 1278 1263 1343 loco
1287 1279 1538 1365 pertinentibus,

494 1385 566 1463 post
598 1379 763 1444 decessum
786 1381 894 1445 Annae
927 1381 1158 1466 1·eginae,quae
1190 1380 1317 1445 dictum
1353 1381 1537 1446 manerium

492 1481 533 1545 dc
556 1480 736 1567 Brustwyk
758 1481 893 1546 tenebat
922 1481 964 1546 ad
994 1481 1172 1546 terminum
1194 1481 1274 1546 vitae
1309 1481 1397 1558 suse,¹
1422 1488 1537 1549 tenen·

491 1583 571 1647 dum
594 1583 700 1649 eidem
725 1583 856 1648 domiuo
879 1583 1012 1648 Thomas
1035 1583 1111 1647 duci
1141 1589 1175 1648 et
1206 1582 1381 1648 heredibus
1403 1585 1444 1649 de
1466 1606 1535 1650 cor-

490 1707 568 1771 pore
606 1707 665 1751 suo
702 1684 900 1750 exeuntibus
937 1685 1188 1770 imperpetuum,
1226 1685 1264 1748 in
1297 1683 1441 1750 valorem
1479 1703 1532 1752 nn

490 1787 647 1853 librarum
662 1809 854 1865 annuarum,
869 1788 906 1852 iu
928 1791 1055 1873 partem
1076 1785 1309 1852 satisfactionis
1332 1787 1421 1851 misse
1436 1787 1534 1853 libra-

490 1913 563 1956 rum
586 1912 644 1977 per
665 1891 804 1955 cundem
827 1911 935 1975 regem
956 1889 1044 1953 dioto
1065 1888 1197 1952 domiuo
1214 1888 1356 1966 Thomae,
1370 1911 1429 1976 pro
1444 1895 1535 1956 statu

490 2015 548 2058 suo
571 1993 700 2058 comitis
716 1991 928 2078 Bukingham
945 1989 1169 2055 honorabilius
1191 1991 1444 2068 manutenendo,
1460 2014 1535 2058 con-

490 2117 659 2172 cessarum,
698 2099 732 2159 et
763 2100 884 2179 postea,
922 2093 1007 2157 circa
1044 2091 1164 2156 festum
1198 2091 1412 2170 Pentecostes,
1446 2115 1533 2160 anno

490 2198 569 2262 dicti
600 2197 684 2282 regis
717 2196 822 2282 xvij⁰.‚
855 2193 1030 2259 deiimeta²
1064 2193 1154 2258 dicta
1177 2194 1276 2257 Anna
1306 2195 1428 2281 regina,
1450 2216 1533 2281 prae.

489 2299 577 2364 fatus
600 2299 740 2364 Thomas
774 2295 865 2363 dux¹
887 2297 1018 2383 plenam
1048 2294 1201 2360 saisinam
1232 2301 1266 2360 ct
1299 2296 1533 2381 possessionem

489 2401 570 2466 dicti
593 2401 730 2466 manerii
753 2400 794 2464 de
817 2397 999 2484 Brustwyk
1022 2419 1095 2462 cum
1126 2397 1335 2484 pertiuentiis
1367 2399 1435 2463 suis
1457 2421 1532 2464 cou-

322 2510 449 2562 Heisen·
489 2501 607 2568 tinuo¹
639 2509 689 2567 est
720 2502 880 2588 adeptus3
914 2501 1001 2564 unde
1039 2499 1127 2564 idem
1147 2499 1243 2576 dun,
1280 2501 1363 2564 circa
1397 2500 1531 2566 initium

321 2579 475 2696 {ffiffl
488 2603 711 2691 Septembris,¹
748 2603 873 2668 dictum
911 2601 1094 2666 dominium
1134 2622 1229 2665 suum
1264 2601 1305 2666 de
1344 2601 1530 2670 Holdernes

321 2717 383 2774 teln·
488 2705 617 2771 visurus
640 2706 791 2784 intravit,
815 2711 849 2770 et
883 2703 971 2789 apud
992 2725 1052 2768 nos
1084 2702 1191 2767 tribus
1223 2702 1338 2768 diebus
1369 2704 1532 2770 continuis

486 2809 529 2872 ad
553 2829 711 2894 expensas
744 2812 872 2872 nostras
898 2810 1116 2870 commoratus
1139 2809 1196 2869 est.
1241 2803 1287 2869 Et
1321 2827 1395 2869 cum
1417 2805 1531 2871 idem⁰

487 2909 673 2976 Willelmus
710 2908 811 2974 abbas
847 2907 1037 2994 homagium
1075 2907 1162 2972 dicto
1200 2905 1275 2972 duci
1316 2906 1404 2972 inber
1440 2907 1530 2990 alios,

488 3018 621 3099 propter
642 3017 832 3078 tenemento
854 3031 928 3096 quse
951 3031 1009 3095 per
1039 3008 1126 3074 idem
1149 3007 1324 3074 servitium
1356 3009 1397 3074 de
1418 3010 1531 3075 eodem

321 3119 362 3171 He
372 3123 415 3172 de-
488 3117 604 3192 tenuit,
629 3113 839 3190 exhibuisset,
863 3112 951 3176 idem
975 3111 1043 3176 dux
1066 3109 1224 3176 contiuuo
1248 3111 1428 3197 capitulum
1458 3134 1531 3178 nos·

319 3191 470 3318 ffpgssttss'he
487 3224 577 3283 trum
596 3217 746 3294 intravit,
760 3221 793 3280 et
816 3237 924 3280 coram
939 3235 977 3279 eo
992 3212 1145 3277 abbatem
1160 3235 1234 3276 cum
1257 3219 1329 3278 toto
1344 3213 1530 3279 conventu¹

319 3319 466 3373 founnuon
488 3321 608 3386 fecerat
632 3317 813 3394 convocari,
828 3339 865 3381 nc
888 3315 986 3402 petiit
1009 3337 1029 3378 a
1052 3313 1146 3378 nobis
1169 3314 1298 3379 chartas
1321 3319 1442 3380 nostrae
1465 3317 1531 3402 pri-

320 3386 437 3440 chinum.
486 3421 599 3486 muriae
622 3421 825 3485 fundationis
848 3439 915 3482 suae
945 3415 1128 3504 praesentiae
1162 3417 1280 3496 afferri,
1304 3415 1333 3481 si
1364 3416 1449 3482 forte
1471 3439 1530 3482 nos

485 3521 642 3600 redditus,
680 3521 853 3608 pensiones
890 3525 949 3584 aut
986 3519 1096 3604 aliqua
1128 3517 1192 3582 alia
1224 3539 1331 3596 onera,
1353 3519 1530 3584 fundatori

486 3630 597 3689 nostro
622 3621 703 3708 qui⁸
725 3645 784 3710 pro
807 3627 952 3706 tempore
975 3621 1059 3686 forst
1081 3625 1141 3684 aut
1163 3619 1237 3684 aliis
1260 3618 1530 3708 quibuscunque,¹

485 3725 662 3792 secuudum
693 3731 821 3790 tenores
843 3723 896 3788 vel
919 3723 1123 3788 conditiones
1146 3722 1333 3787 chartarum
1355 3729 1389 3788 et
1416 3725 1528 3789 feoffa-

484 3835 669 3893 mentorum
685 3823 909 3904 nostrorum,¹⁰
920 3823 1091 3889 refundere
1107 3823 1291 3910 specialiter
1299 3823 1324 3862 ¹¹
1335 3830 1528 3906 teneremur,

1003 4002 1249 4013 ——o-A--—
1442 4005 1521 4013 .-——-

517 4113 597 4176 ¹post
614 4149 621 4161 .
639 4149 645 4161 .
662 4111 727 4176 sua]
747 4111 813 4174 quod
834 4109 982 4170 manerium,
1057 4107 1068 4138 ¹
1086 4107 1162 4157 After
1175 4105 1322 4170 Septurbn's
1338 4107 1425 4169 insert,
1440 4107 1526 4171 proxi·

482 4205 541 4242 cnm
562 4189 681 4240 membris
703 4197 728 4240 et
749 4186 981 4252 pertinentium,
1026 4201 1066 4236 me
1077 4185 1214 4250 sequentis,
1224 4185 1254 4236 P.

483 4271 585 4322 domina
601 4271 680 4318 Anus
696 4269 784 4333 regine
800 4267 905 4329 Angliae
922 4275 981 4316 tunc
1057 4269 1068 4296 ⁰
1084 4265 1160 4315 After
1171 4263 1233 4314 idem
1244 4264 1321 4315 insert
1331 4265 1457 4328 dominus,
1469 4265 1498 4316 P.

483 4352 625 4402 tenebetex
641 4347 803 4398 concessione
815 4345 875 4396 dicti
886 4345 980 4395 domini
1058 4343 1195 4394 icbbctcm
1212 4379 1219 4394 .
1237 4379 1244 4394 .
1262 4379 1269 4394 .
1286 4344 1416 4409 moeurs]
1445 4352 1525 4396 toturn

481 4430 548 4494 regis
560 4431 591 4479 ud
604 4427 739 4478 terminum
750 4427 808 4476 ritse
819 4440 878 4483 sue,
890 4425 919 4474 1³.
1025 4431 1185 4486 conventum,
1196 4423 1226 4473 Ρ.

517 4507 527 4541 ²
538 4507 669 4573 defunctu]
684 4505 750 4556 vium
762 4505 886 4554 universus
897 4503 981 4553 carnis
1057 4501 1068 4532 ⁸
1085 4501 1141 4567 qur]
1160 4501 1310 4566 quicunqne,
1321 4501 1351 4552 P.

483 4590 601 4652 ingressa,
613 4587 643 4636 P.
1057 4581 1067 4612 ⁹
1084 4589 1129 4629 aut
1147 4615 1153 4630 .
1171 4617 1177 4630 .
1195 4580 1388 4646 quibuscunque]
1414 4581 1523 4647 wanting

515 4667 525 4698 ¹
542 4666 616 4715 After
631 4665 681 4714 dur
699 4663 784 4724 insert,
795 4661 914 4711 contiuuo
925 4668 980 4724 post
1024 4660 1051 4708 in
1062 4660 1090 4708 P.
1336 4715 1339 4724 γ
1362 4713 1365 4720 Ι

484 4745 537 4808 ejus
548 4747 685 4802 decessum,
696 4743 726 4792 P.
1057 4737 1076 4770 ¹⁰
1093 4746 1117 4787 ct
1129 4775 1135 4788 .
1148 4773 1155 4790 .
1168 4739 1315 4803 nostrorum]
1335 4747 1483 4800 nostrarum,
1491 4739 1521 4790 P.

515 4823 525 4853 ¹
542 4823 665 4886 turstinus]
685 4820 795 4885 wanting
805 4818 832 4868 iu
843 4819 873 4868 l’.
1058 4817 1074 4849 ¹¹
1092 4817 1243 4882 specialiter]
1264 4818 1376 4885 wanting
1386 4819 1413 4870 in
1424 4819 1455 4869 P.
