3610 5890
454 869 495 931 16
682 851 781 932 anso
803 881 913 932 sasas
936 882 1090 942 ournrus
1111 859 1273 933 anemos.

282 1061 429 1115 A.D.1aus
452 1057 585 1142 quidem
607 1058 678 1144 ipsa
700 1059 832 1123 ecclesia
853 1079 922 1121 non
952 1057 1151 1122 onerabatur
1173 1059 1214 1124 de
1237 1058 1304 1142 viij.
1329 1057 1442 1122 solidis
1464 1057 1498 1120 et
1583 1150 1589 1158 Ι

451 1159 511 1245 i1ij.
542 1160 685 1225 denariis
712 1161 753 1225 do
784 1160 864 1248 ipsis
885 1159 978 1246 xxxj.
1000 1159 1121 1236 solidis,
1145 1159 1203 1245 iiij.
1235 1160 1388 1226 denariis.
1434 1157 1499 1225 Sed

282 1135 372 1184 -134a

450 1255 580 1327 oausam
612 1263 812 1328 onerationis
845 1261 990 1348 ejusdem
1024 1267 1170 1349 tempore
1205 1263 1331 1328 domini
1362 1261 1499 1328 Roberti

449 1366 579 1431 abbatis
601 1370 642 1432 16
675 1365 802 1452 plenius
824 1364 1014 1452 explanabo.
1061 1363 1145 1430 Inde
1167 1365 1267 1430 etiam
1291 1365 1422 1452 incepit,
1447 1387 1498 1431 oc·

449 1468 577 1534 cesione
614 1468 758 1554 ejusdem
797 1467 950 1544 ecclesiae,
982 1467 1130 1533 oneratio
1163 1472 1323 1554 perpetua
1353 1469 1498 1554 quinque

448 1593 630 1638 marearum
653 1571 696 1636 ad
716 1569 898 1636 canariam
919 1570 960 1635 de
987 1570 1195 1654 Wynestede.
1240 1570 1499 1660 Assignsbamns

449 1676 549 1741 etiam
572 1673 705 1740 domino
728 1672 752 1737 J
754 1673 876 1738 ohanni
908 1673 948 1738 de
973 1671 1183 1760 Cotyngham
1208 1675 1363 1752 maneria,
1394 1679 1498 1740 terras

449 1783 483 1844 et
505 1779 702 1870 tenementa,
718 1775 755 1840 in
770 1775 927 1852 Arnailia,
952 1776 1123 1854 Rowtona,
1148 1776 1346 1862 Hayholmo,
1363 1776 1498 1862 Otring-

449 1883 534 1959 ham,
551 1880 753 1967 Dymeltona
775 1885 809 1943 et
826 1877 957 1956 Rowth,
982 1900 1056 1964 quae
1078 1878 1235 1944 valebant
1249 1885 1383 1945 centum
1397 1880 1498 1944 libras

448 1982 630 2063 annuatim,
645 1981 689 2046 ad
711 1985 817 2047 totam
831 1981 939 2047 vitam
958 1980 1061 2068 ipsius
1076 1981 1204 2046 domini
1217 1981 1241 2048 J
1243 1981 1390 2048 ohannis.
1426 1982 1497 2048 Sol-

449 2087 605 2152 vebamus
627 2085 727 2150 etiam
749 2083 883 2150 domino
914 2083 1052 2170 Hugoni
1075 2083 1115 2149 de
1146 2084 1336 2171 Glainvylla
1365 2090 1498 2151 centum

448 2210 573 2255 marcas
602 2187 775 2252 annuatim
808 2186 852 2250 ad
885 2190 991 2251 totam
1021 2186 1126 2250 vitam
1155 2208 1258 2264 suam
1283 2193 1402 2274 praeter
1434 2188 1499 2252 alia

449 2311 547 2355 onera
568 2288 733 2354 ordinaria
755 2293 790 2353 et
811 2288 1075 2354 extraordinaria
1090 2288 1186 2354 dictae
1209 2289 1350 2356 ecclesiae
1373 2291 1498 2356 incum-

449 2391 571 2470 bentia,
602 2395 637 2458 et
668 2390 814 2457 enormia
844 2389 966 2456 damna
997 2395 1032 2456 et
1066 2409 1224 2478 expensas
1259 2397 1293 2457 et
1327 2393 1498 2479 dispendia

449 2494 614 2560 occasione
635 2493 911 2580 appropriationis
933 2493 1087 2578 ejusdem,
1106 2498 1140 2558 et
1162 2494 1347 2579 provisione
1369 2501 1404 2560 et
1426 2517 1498 2582 per-

389 2603 398 2624 ·
449 2597 626 2684 quisitione
648 2596 795 2684 pecunia
817 2617 877 2683 pro
899 2596 1112 2682 pensionibus
1136 2598 1324 2664 memoratis
1347 2597 1415 2663 suis
1432 2604 1498 2664 ter-

449 2699 547 2764 minis
580 2698 724 2764 fideliter
760 2697 991 2784 persolvendis.
1038 2697 1132 2764 Infra
1165 2698 1265 2764 breve
1294 2699 1395 2765 etiam
1425 2707 1500 2786 post

282 2815 407 2865 savena-
448 2801 748 2889 appropriationem
763 2800 993 2886 supradictam,
1008 2800 1081 2886 ipsa
1103 2799 1182 2864 villa
1200 2801 1240 2865 de
1256 2801 1497 2878 Ravenserodd,

282 2881 400 3010 τᾶξω.
449 2907 482 2970 in
507 2903 722 2990 quapridem
745 2902 920 2968 habuimus
943 2902 1114 2968 dimidiam
1129 2925 1237 2968 acram
1261 2909 1359 2970 terrae
1385 2903 1501 2971 decen-

282 3026 426 3077 sonofthe
449 3017 500 3074 ter
522 3007 727 3084 aedificatam,
754 3027 827 3091 quae
853 3005 934 3070 villa
964 3005 1059 3090 quasi
1091 3005 1233 3091 burgum
1257 3006 1440 3084 videbatur,
1465 3015 1500 3072 et

281 3095 428 3212 iidddiiion
449 3133 524 3196 quse
542 3109 676 3176 valebat
698 3108 871 3174 annuatim
893 3106 937 3172 ad
960 3107 1130 3172 matricem
1154 3129 1247 3172 suam
1270 3109 1436 3176 ecclesiam
1459 3111 1499 3176 de

429 3200 645 3299 'Esyngtona
678 3209 922 3297 quinquaginta
952 3209 1061 3286 libras,
1092 3231 1166 3294 quse
1204 3211 1298 3295 qussi
1335 3211 1421 3278 infra
1454 3213 1497 3277 xl.

449 3315 549 3380 libras
571 3315 607 3378 in
630 3313 749 3399 quibus
772 3311 843 3398 ipsa
866 3310 1000 3377 ecclesia
1022 3309 1063 3376 ds
1083 3310 1277 3399 Esyngtona
1300 3314 1498 3380 extendeba—

450 3424 506 3482 tur
521 3421 685 3482 contentae
708 3419 811 3492 erant,
826 3434 883 3498 par
905 3413 1137 3478 inundationes
1161 3416 1259 3478 maris
1274 3421 1307 3480 st
1323 3415 1498 3482 Humbriae

450 3519 582 3604 penitus
604 3516 714 3580 deleta
739 3520 811 3580 orat
832 3519 867 3580 et
890 3515 1073 3601 absumpta.
1121 3515 1173 3582 Ob
1196 3516 1289 3602 cujus
1311 3518 1399 3584 villae
1422 3541 1498 3584 con·

451 3619 679 3705 sumptionem,
696 3623 732 3682 et
754 3617 895 3682 ecclesiae
911 3617 951 3682 de
967 3617 1163 3704 Esyngtona
1184 3639 1282 3706 super
1295 3619 1356 3684 hoc
1370 3619 1499 3685 damni·

450 3721 645 3796 ficationem,
661 3719 812 3784 dominus
828 3719 992 3784 Rcbertus
1006 3719 1107 3785 abbas
1125 3721 1167 3784 16
1189 3721 1274 3786 circa
1296 3721 1498 3788 taxationem

451 3824 554 3910 ipsius
577 3821 718 3888 ecclesiae
741 3822 781 3886 de
807 3821 1003 3910 Fsyngtona
1024 3823 1244 3910 mitigandam
1267 3825 1357 3890 omni
1380 3833 1499 3892 conatu

450 3924 621 4002 laboravit,
652 3924 737 3988 siout
770 3928 882 4009 postea
916 3927 1063 4010 tempore
1097 3947 1156 3990 suo
1190 3925 1254 3990 erit
1287 3927 1496 3994 declaratum.

451 4029 530 4093 Post
555 4027 647 4112 cujus
669 4025 757 4090 villae
779 4025 822 4090 de
843 4025 1075 4092 Ravenserodd
1105 4029 1397 4115 consumptionem,
1428 4029 1500 4116 ipsa

450 4128 583 4196 ccclesia
620 4127 659 4193 de
698 4128 892 4214 Esyngtona
928 4128 1067 4215 praefato
1104 4129 1238 4196 domino
1275 4131 1422 4198 Johanni
1459 4135 1500 4200 de

452 4231 670 4318 Cotynghsm,
700 4229 758 4316 qui
787 4251 846 4316 pro
869 4231 983 4296 eadem
1013 4231 1156 4296 habebat
1179 4231 1221 4298 de
1251 4234 1346 4300 nobis
1367 4241 1499 4312 centum

451 4335 587 4400 libratas
608 4337 705 4398 terrae
728 4333 910 4412 annuatim,
934 4332 1069 4400 dimissa
1092 4340 1163 4400 erat
1185 4335 1249 4400 *ad
1270 4337 1417 4402 firmam'
1440 4359 1498 4426 pro

453 4439 496 4502 20
519 4436 635 4502 marcis
657 4435 776 4500 annuis
798 4440 939 4512 tantmn,
958 4457 1032 4500 cum
1056 4437 1209 4502 oneribus
1233 4439 1407 4504 ordinariis
1427 4463 1498 4527 per-

286 4540 574 4620 Theeuvehsoluais.
632 4537 697 4606 Sed
732 4536 881 4602 torminis
919 4537 1106 4623 hujusmodi
1149 4539 1346 4606 dimissionis
1385 4543 1499 4622 finitis,

287 4609 429 4724 idfflid'
452 4643 540 4709 idem
572 4641 723 4707 dominus
754 4639 922 4705 Johannes
954 4643 1142 4726 procuravit
1163 4643 1302 4708 eandem
1332 4645 1504 4714 ecclesiam.

287 4757 335 4794 ⁰¹¹⁰
346 4739 426 4791 ofthe
452 4747 493 4812 da
508 4745 703 4832 Esyngtona
717 4742 842 4808 dimitti
857 4743 986 4808 cuidam
1002 4745 1233 4812 commonacho
1248 4748 1353 4813 nostri
1371 4769 1501 4814 monas·
