3614 5888
535 882 712 934 susurrus
733 880 842 932 muas
864 881 994 932 sumus
1015 881 1178 932 cremus.
1313 869 1378 934 149

332 1056 412 1138 luco,
436 1057 489 1124 cui
516 1057 684 1123 Johuuues
715 1058 755 1122 de
781 1057 906 1143 Ryslay
928 1058 1029 1124 abbas
1061 1057 1279 1144 praedecessor
1301 1079 1379 1122 suus
1390 1065 1460 1116 Aa).
1477 1073 1539 1120 13⁵6

333 1161 443 1226 omnia
474 1165 579 1226 terras
601 1165 636 1225 et
668 1164 858 1226 tenementu
883 1166 998 1228 nostra
1027 1159 1379 1226 in1M011escr0ftcd
1392 1137 1483 1190 '¹³⁶⁷'

333 1263 511 1328 terminum
534 1259 682 1328 certum²
705 1261 906 1342 dimittebat,
931 1283 1097 1328 recursum
1120 1262 1254 1343 habens,
1270 1283 1380 1349 accep-

333 1365 377 1432 tis
400 1365 442 1428 ab
469 1363 583 1430 eodem
600 1364 725 1431 Thomu
747 1387 815 1450 prae
839 1365 993 1430 manibus
1017 1369 1058 1431 36
1086 1364 1188 1444 libris,
1212 1369 1232 1431 3
1257 1365 1378 1442 solidis,

334 1469 353 1531 4
378 1466 531 1547 denariis,
563 1466 652 1533 dicta
681 1471 872 1532 tenementa
901 1467 1007 1532 eidem
1038 1467 1171 1532 Thomas
1201 1466 1241 1532 ad
1273 1473 1379 1532 totam

332 1571 439 1636 vitam
474 1573 634 1648 suamet
664 1569 838 1635 heredibus
871 1570 982 1636 suisa
1011 1569 1064 1635 die
1094 1570 1204 1636 obitus
1241 1570 1293 1636 sui
1323 1592 1381 1656 per

334 1677 376 1738 80
399 1695 510 1751 annos,
533 1672 683 1750 tenenda,
700 1672 866 1738 reddendo
885 1671 981 1738 nobis
1004 1693 1107 1737 unum
1130 1672 1300 1737 denarium
1323 1695 1380 1737 an-

333 1775 472 1850 nuatim,
502 1773 707 1840 concedebat.
762 1773 844 1853 Quae
874 1779 980 1841 terras
1010 1781 1044 1840 et
1078 1773 1289 1862 tenementu³
1311 1775 1380 1860 ipsc

333 1877 474 1942 Thomas
488 1875 531 1941 ad
555 1881 661 1942 tutam
677 1876 784 1940 vitam
810 1898 912 1954 suam,
935 1882 969 1942 et
994 1876 1087 1942 heres
1110 1897 1189 1942 suus
1212 1881 1287 1961 pust
1310 1875 1381 1960 ejus

333 1979 469 2055 obitum,
484 2000 541 2064 per
556 2000 660 2044 annos
682 1977 809 2064 aliquot
824 1978 1041 2065 possidebant
1088 1978 1155 2044 Sed
1173 1983 1285 2042 tamen
1300 1978 1380 2065 ipsae

336 2088 432 2148 terrac
456 2081 604 2168 tempore
627 2081 753 2146 domiui
776 2080 935 2146 Willelmi
957 2080 1086 2146 abbatis
1111 2083 1152 2146 18
1168 2085 1281 2167 postea
1303 2086 1382 2146 sunt

332 2185 517 2271 redemptae,
542 2189 581 2250 ut
603 2183 731 2272 patebit
754 2183 898 2248 inferius.

333 2491 431 2556 VIII.
469 2492 520 2557 Dc
551 2490 624 2558 utic
655 2490 786 2577 parcito
819 2511 886 2576 pro
923 2489 1121 2556 tcucmcutc's
1149 2489 1194 2556 irc
1226 2488 1379 2573 Skyreuu

420 2599 450 2660 ct
470 2592 715 2674 Wicurrcmu;⁴
744 2593 784 2660 da
806 2591 1002 2659 uisitatione
1024 2591 1153 2659 abbatis
1176 2591 1378 2659 Pcatc'uc'ucc'

421 2695 465 2762 irc
485 2696 643 2782 Anatim
678 2694 719 2761 da
748 2693 833 2761 actis
855 2693 993 2762 Robora·
1022 2694 1151 2762 abbatie
1179 2698 1220 2766 16
1233 2721 1246 2774 ;
1281 2701 1311 2762 ct
1337 2693 1376 2761 cic

420 2805 525 2866 morte
547 2798 704 2885 ejusdcm.

375 2961 490 3028 ⁶Aiias
522 2953 758 3050 praesentatum
788 2959 854 3025 fuit
885 2981 993 3024 coram
1025 2961 1217 3045 justitiariis
1250 2961 1375 3026 domini
1389 2964 1513 3029 Skyrcna.

332 3065 417 3152 regis
440 3065 529 3150 apud
552 3063 745 3140 Eboracum,
770 3084 857 3128 anno
879 3063 966 3150 regis
989 3062 1147 3128 Edwardi
1171 3067 1201 3142 3,
1219 3063 1270 3141 17>
1294 3041 1547 3172 mxima·

332 3189 409 3254 pcrc
434 3166 561 3232 domini
584 3166 740 3254 Hugcnis
762 3165 802 3230 de
836 3164 968 3229 Levenu
990 3163 1120 3229 abbatis
1146 3169 1197 3245 15,
1221 3171 1260 3230 ut
1291 3189 1375 3254 prae·
1390 3185 1443 3236 cion
1456 3191 1536 3240 under

332 3269 444 3347 fertur,
468 3269 556 3355 quod
577 3290 638 3334 nos
660 3267 915 3356 perquisivimus
938 3265 979 3331 dc
1001 3267 1157 3353 praedicto
1181 3267 1315 3334 Simone
1338 3253 1538 3372 demur

333 3372 537 3460 Northcrpiu
568 3393 671 3438 unum
704 3370 907 3456 mesuagium
939 3374 974 3434 et
997 3373 1017 3435 3
1040 3369 1179 3435 bovatas
1211 3377 1308 3438 terrae
1342 3371 1466 3438 inmun.

334 3475 493 3561 Skyrena,
523 3497 597 3561 quae
631 3473 788 3538 valebant
820 3494 878 3558 per
911 3493 1035 3536 annum
1068 3474 1110 3538 40
1143 3473 1270 3554 solidos,
1303 3481 1380 3562 post

333 3583 505 3654 statutum,
530 3581 564 3642 et
589 3580 609 3640 2
632 3576 799 3662 mesnagis
829 3583 863 3640 et
887 3577 908 3639 4
930 3575 1068 3640 bovatas
1091 3580 1189 3642 terrae
1212 3584 1247 3642 et
1269 3578 1379 3643 decem

333 3703 423 3746 acras
456 3681 545 3746 bosci
582 3683 617 3744 et
655 3683 799 3764 pasturae
837 3677 873 3742 in
906 3677 1109 3756 Whurromc,
1142 3679 1182 3745 de
1214 3679 1379 3748 WiIlclmo

335 3781 460 3871 Sleghr
484 3803 557 3869 quae
580 3781 737 3847 valebunt
772 3801 829 3866 per
860 3801 985 3844 annum
1009 3784 1051 3847 46
1075 3781 1205 3861 solidos,
1228 3783 1380 3848 similiter

333 3891 407 3972 pust
430 3889 601 3950 statutum.
648 3883 714 3948 Sed
736 3887 848 3948 utrum
871 3903 931 3948 nos
953 3882 1121 3948 licentium
1145 3884 1271 3950 domini
1294 3889 1380 3974 regis

335 3987 414 4054 inde
429 3987 606 4054 habuimus
631 4007 741 4066 necne,
754 3984 919 4070 juratores
943 4006 977 4050 se
1002 3985 1193 4051 fatebantur
1207 3988 1380 4074 ignorarc;

337 4091 386 4156 ita
417 4091 514 4177 quod,
536 4091 633 4176 *post
662 4109 766 4154 annos
792 4089 853 4168 19‚'
877 4090 1078 4174 praeceptum
1100 4087 1165 4153 fuit
1193 4091 1378 4157 vicecomiti

334 4191 532 4258 Eboracenei
555 4191 599 4256 ad
622 4189 884 4277 respondendum
908 4211 1015 4254 coram
1038 4189 1230 4275 justitiariis
1252 4193 1378 4258 domini

335 4296 422 4380 regis
454 4295 543 4382 apud
575 4294 769 4372 Eboracum,
792 4313 878 4356 anuo
911 4291 993 4356 dicti
1026 4293 1112 4379 regis
1145 4297 1196 4370 36,
1219 4295 1260 4360 de
1294 4318 1377 4382 prae-

332 4455 910 4468 ——n--a--u-—m——o--m——m-
1186 4459 1350 4468 Ἥ
1362 4463 1368 4468 “

365 4539 373 4571 ¹
391 4541 470 4589 omnia
489 4575 495 4589 .
515 4577 521 4589 .
540 4576 546 4588 .
565 4538 605 4604 ia]
625 4544 706 4588 terras
718 4537 757 4597 de,
769 4535 798 4586 P.
913 4535 923 4567 ⁵
940 4537 1055 4586 mcum
1066 4538 1164 4601 porticu
1176 4539 1205 4588 cf
1212 4539 1262 4589 this
1269 4541 1379 4606 chapter,

363 4618 497 4683 2certum]
517 4617 631 4681 wanting
642 4617 669 4664 iu
680 4616 709 4666 Ρ.
881 4621 907 4664 tc
930 4615 973 4665 the
996 4617 1078 4666 words
1099 4616 1167 4666 sulec
1188 4619 1243 4680 jura
1262 4621 1334 4683 riqis,
1356 4630 1380 4672 ct

365 4699 377 4730 ³
393 4707 418 4747 ct
430 4697 573 4761 terrcmcutu]
593 4695 706 4760 wanting
717 4694 742 4743 iu
752 4694 783 4744 1’.
882 4702 979 4756 ccum,
991 4710 1014 4758 p.
1030 4698 1085 4754 150,
1097 4693 1118 4744 is
1130 4697 1242 4762 wautmg
1250 4697 1276 4748 in
1287 4699 1316 4752 P.

366 4777 376 4808 ⁴
395 4777 436 4827 De
447 4775 497 4826 ullo
510 4812 536 4826 ..
554 4813 560 4824 .
579 4773 737 4839 erurrcrm]
757 4781 834 4824 wunt-

334 4857 380 4922 ing
388 4857 415 4906 in
426 4855 455 4908 P.
