3578 5874
335 1637 554 1728 THOMAS
594 1637 822 1743 BURTON,
865 1635 1040 1726 ABBAS
1080 1633 1257 1724 NONUS

674 1761 930 1852 DECIMUS.

273 2173 299 2238 I.
324 2173 374 2238 Dc
397 2170 563 2238 creatione
585 2170 723 2238 domim
740 2170 872 2238 Thema
887 2171 1023 2236 Bartoa
1045 2169 1173 2236 abbata
1195 2168 1321 2236 manni

363 2275 472 2356 rtont;
498 2274 618 2360 formo
639 2274 811 2342 canionis
835 2274 929 2359 ajam
959 2281 989 2340 et
1015 2273 1161 2359 facturo
1187 2295 1323 2360 campa·

364 2399 495 2444 aarum
506 2404 519 2458 ;
543 2385 572 2442 ct
593 2377 679 2443 aliis
701 2376 867 2462 adiytciia,
892 2376 1180 2456 raaooattoaibas,
1210 2383 1323 2442 troas-

365 2479 554 2546 lata'oaa'bas
591 2501 631 2546 ao
664 2479 1021 2566 reportandam
1054 2478 1260 2546 monaterio
1295 2484 1324 2543 at

366 2581 463 2670 opad
485 2582 618 2648 Falsum
633 2582 741 2669 sactis
759 2604 823 2668 par
846 2582 1001 2650 onwan.

323 2741 421 2806 Anno
445 2741 581 2806 Domini
614 2741 789 2806 millesimo
824 2763 881 2806 oco.
914 2741 1126 2826 nonagesimo
1158 2746 1262 2816 sexto,
1289 2741 1325 2802 in
1340 2752 1493 2804 Annaeo-

279 2844 402 2908 octavis
425 2843 656 2930 apostolorum,
683 2843 820 2908 cedente
843 2867 864 2908 a
886 2844 1051 2930 dignitate
1075 2867 1134 2908 sua
1156 2842 1326 2921 abbatiali,
1339 2825 1495 2936 ffimffl,

278 2951 317 3010 ut
339 2945 440 3032 priori
462 2945 547 3010 libro
570 2945 699 3031 plenius
722 2944 921 3021 continetur,
940 2945 1073 3010 domino
1097 2945 1263 3010 Willalmo
1287 2945 1326 3009 de
1340 2951 1453 3046 ⁰f,.²b.l⁰²

279 3047 499 3134 Soardburgh,
524 3047 716 3112 monasterii
747 3047 853 3111 nostri
887 3047 1009 3111 abbate
1041 3051 1158 3112 octavo
1191 3047 1325 3125 decimo,
1340 3018 1458 3134 ἓξὲξ,

279 3150 322 3214 ad
355 3150 547 3215 electionem
581 3149 662 3214 novi
698 3150 840 3235 pastoris
875 3149 1083 3234 quamtocius
1123 3149 1326 3214 convenitur.
1340 3152 1463 3215 borough,

281 3253 382 3318 Unde
427 3253 562 3338 quidam
601 3253 767 3338 quendam
805 3251 1026 3316 venerabilem
1066 3257 1100 3316 et
1138 3251 1327 3338 religiosum
1340 3223 1457 3350 ffi'ion

279 3355 397 3432 virum,
429 3355 598 3420 dominum
633 3354 835 3419 Willelmum
870 3353 1066 3431 Wendover,
1098 3355 1220 3419 adtuno
1253 3367 1449 3418 nos-osvotes

280 3463 343 3523 trae
382 3457 647 3544 congregationis
684 3457 837 3544 priorem,
869 3457 1003 3542 quidam
1042 3479 1120 3523 vero
1158 3457 1328 3522 dominum
1341 3436 1457 3551 lgm

278 3559 441 3624 Thomam
475 3560 612 3638 Burton,
648 3560 758 3624 virum
793 3560 909 3646 utique
947 3560 1136 3647 religiosum
1175 3570 1209 3624 et
1246 3561 1488 3624 beneWenoover

281 3663 460 3740 literatum,
484 3663 654 3748 perviam
682 3663 832 3728 scrutinii
856 3663 1024 3750 elegerunt
1046 3663 1148 3728 *sibi‘
1171 3663 1206 3726 in
1229 3663 1329 3728 abba
1342 3635 1497 3752 ffiffin

282 3770 357 3830 tem.
397 3765 464 3830 Sed
487 3766 595 3830 dictus
618 3765 771 3830 dominus
789 3765 1421 3845 willelmuswendove1·,malensashis

283 3868 413 3933 subesse
438 3889 537 3953 quam
561 3889 705 3954 praeesse,
729 3869 786 3953 qui
810 3873 844 3932 et
866 3869 970 3954 magis
993 3873 1148 3954 expertus
1169 3869 1205 3931 in
1228 3868 1331 3933 claus-
1342 3850 1479 3964 ffifw'

283 3975 336 4034 tro
359 3991 457 4055 quam
489 3971 616 4049 sacoma,
640 3991 735 4034 voces
769 3970 975 4056 singulorum
1006 3971 1114 4056 ipsum
1137 3969 1330 4057 eligentium
1344 3981 1438 4030 drawn
1451 3981 1483 4031 or

283 4071 326 4136 ad
364 4073 487 4137 dictum
528 4073 698 4137 dominum
732 4071 891 4136 Thomam
928 4073 1055 4136 Burton
1087 4073 1330 4158 praeficiendum
1343 4047 1498 4101 Wenoover.

283 4175 347 4240 sibi
378 4176 414 4239 in
446 4175 601 4240 abbatem
635 4175 803 4240 invitavit.
851 4174 997 4253 Quorum
1025 4179 1106 4240 vota
1137 4176 1184 4241 sio
1214 4177 1332 4241 emissa
1345 4185 1464 4264 natita-

282 4283 377 4364 pater
422 4277 533 4358 abbas,
571 4299 714 4342 unaoum
759 4277 970 4342 coassistente
1015 4277 1079 4342 sibi
1124 4279 1246 4344 abbate
1291 4251 1499 4368 deffiepyaphe

284 4380 489 4466 Kyrkestall,
528 4380 716 4458 ratificavit,
748 4401 786 4444 ac
818 4381 929 4466 ipsum
968 4380 1138 4445 dominum
1173 4381 1331 4445 Thomam
1344 4387 1389 4434 bot
1400 4385 1429 4464 οἷ
1436 4387 1479 4435 the

283 4504 399 4548 verum
433 4483 575 4548 electum
609 4483 716 4548 nostri
749 4484 941 4548 monasterii
973 4483 1101 4570 publice
1140 4483 1330 4558 declaravit,
1345 4451 1493 4568 ssfigtlpssos

283 4607 357 4651 cum
380 4608 532 4674 processu
550 4586 636 4673 juris
652 4586 765 4650 debito
787 4586 823 4649 in
845 4587 970 4652 talibus
984 4587 1162 4672 requisit0;
1186 4585 1330 4671 insuper,
1344 4584 1451 4700 partonb.

283 4690 438 4754 universo
470 4693 638 4754 conventu
673 4688 709 4751 in
741 4687 954 4774 principalem
986 4711 1147 4754 cameram
1186 4687 1331 4774 hospitii,
1346 4656 1477 4782 Τέἒῖιω,

284 4791 387 4856 altam
420 4812 582 4856 cameram
617 4789 799 4877 vulgariter
831 4796 1066 4877 nuncupatam,
1091 4791 1223 4857 insimul
1257 4796 1447 4857 oon-fionre
