3578 5874
474 849 537 913 190
650 859 848 914 mauranus
869 857 978 914 sasas
1000 857 1154 912 amarus
1176 859 1334 910 eumuna.

305 1051 374 1102 an.
388 1053 451 1104 ram
472 1033 625 1100 omnibus
662 1032 873 1120 proponebat.
935 1031 989 1112 Et,
1024 1053 1100 1098 cum
1135 1031 1265 1098 diutius
1297 1031 1375 1096 inde
1406 1052 1514 1098 earam

305 1125 396 1170 naat-
472 1137 604 1202 ‹lomino
634 1157 721 1222 papa
744 1134 901 1220 Gregorio
925 1133 986 1198 XI.
1023 1134 1222 1220 disputando
1251 1133 1427 1220 ageretur,l
1449 1133 1514 1197 dis-

472 1240 579 1304 sensio
600 1237 839 1324 quodammodo
862 1237 950 1300 inter
964 1237 1145 1302 cardinales
1168 1237 1344 1314 oriebatur,
1366 1257 1404 1302 eo
1427 1235 1513 1321 quad

472 1342 616 1428 ipsarum
648 1341 750 1426 aliqui
783 1340 931 1404 faverent
963 1340 1032 1426 regi
1067 1339 1198 1426 Angliae
1229 1345 1328 1425 atque
1359 1340 1417 1406 alii
1445 1338 1515 1424 regi

473 1445 680 1510 Francorum.
736 1444 878 1508 Demum
912 1463 989 1528 ergo
1028 1443 1181 1508 dominus
1217 1466 1303 1530 papa
1339 1442 1514 1530 pradictus

472 1547 571 1614 finem
594 1569 706 1614 eorum
729 1545 924 1612 dissensioni
938 1545 1052 1610 voleus
1066 1545 1242 1632 imponere,
1256 1546 1302 1612 sic
1323 1543 1514 1633 negotium²

305 1651 658 1730 Decisionofdeolaravit
692 1648 887 1714 “Nolumus
921 1647 1054 1734 regibus
1092 1648 1274 1729 detrahere,
1309 1671 1369 1716 nec
1402 1671 1514 1715 eorum

304 1720 420 1838 {ffitpl'hpg
472 1759 491 1790 “
508 1754 565 1838 jus
601 1751 680 1840 ipsis
716 1773 784 1816 non
820 1750 1032 1816 moventibus
1070 1749 1227 1834 judicare,
1270 1772 1330 1817 nee
1366 1773 1406 1817 ea
1441 1772 1514 1838 qum

303 1869 320 1918 f.
336 1875 381 1918 123
394 1867 417 1922 b.
471 1865 487 1892 “
510 1856 723 1922 mneossimus
756 1853 961 1920 intendimus
993 1873 1153 1920 revocare.
1199 1853 1383 1920 Transeunt
1412 1855 1515 1942 igitur

305 1949 438 2065 Lffibe
469 1965 489 1994 “
511 1959 631 2026 litare
645 1958 802 2024 informa
816 1977 974 2035 concessa,
994 1977 1163 2042 suppresso
1186 1957 1248 2023 hoa
1270 1957 1370 2022 verba
1394 1958 1515 2022 ‘Fran-

303 2070 487 2144 isrued‚with“
510 2061 615 2128 cite.”’
662 2061 869 2146 Quapropter
892 2053 1025 2122 dictus⁸
1047 2057 1227 2124 monachus
1249 2059 1388 2145 praefata
1409 2059 1514 2124 cardi-

303 2151 414 2281 ffigsffi
425 2217 454 2267 of
469 2162 561 2232 nali4
582 2185 607 2230 c.
622 2163 763 2230 florenos
785 2162 821 2226 in
837 2159 1025 2226 curialitate
1048 2161 1242 2245 repromisit.
1281 2161 1337 2242 Et,
1351 2183 1426 2227 cum
1444 2161 1513 2246 jam

303 2285 426 2334 trevere
471 2267 615 2334 crederet
649 2265 760 2330 amnia
790 2265 826 2328 in
857 2283 1012 2348 prospero
1047 2283 1144 2328 cursu
1177 2285 1246 2328 esse
1270 2263 1420 2344 deducta,
1442 2285 1513 2329 eece

304 2350 450 2479 gfff&
470 2367 558 2434 alia⁵
591 2367 763 2453 inopinata
797 2364 953 2452 angustia
987 2366 1139 2449 protinus
1173 2365 1336 2444 obviavit
1357 2389 1396 2432 ea
1426 2366 1513 2453 quod

305 2495 347 2544 the
359 2504 431 2548 court
470 2471 561 2536 auria
575 2470 673 2538 dictis
695 2466 1001 2554 appropriationum
1024 2469 1241 2553 transumptis
1262 2469 1362 2533 fidem
1383 2469 1513 2554 plenam

304 2562 426 2678 {effl-
470 2569 602 2640 noluit⁸
632 2571 794 2648 adhibere,
818 2570 875 2634 sed
897 2568 1074 2655 originalia
1104 2571 1301 2636 omnimodis
1323 2572 1514 2657 quaereban-

304 2694 421 2758 scriptor
470 2684 535 2758 tur,
568 2678 715 2764 alioquin
750 2675 861 2742 omnia
891 2675 1054 2740 ineassum
1080 2675 1304 2742 vertebantur.
1349 2675 1514 2742 'Rediens

304 2762 447 2892 tatur·
509 2862 795 2872 -.-..-.-

506 2973 514 3004 ¹
531 2988 659 3038 quereris.
676 2968 821 3036 meretur]
841 2967 969 3032 quaerebat
1016 2967 1151 3020 neoterium
1163 2978 1276 3022 nostrum
1285 2970 1419 3036 origiuffla
1429 2985 1515 3036 recep·

472 3061 648 3118 opportunum,
672 3052 770 3115 quando
784 3063 871 3098 omnes
888 3045 968 3096 cardi·
1016 3055 1108 3112 turum,
1131 3055 1157 3098 et
1180 3049 1233 3100 siue
1261 3065 1333 3100 mora
1359 3052 1392 3101 ad
1420 3052 1514 3102 dictum

473 3133 542 3182 naies
561 3131 634 3181 simul
656 3135 740 3180 essent
759 3143 844 3178 eorum
859 3141 925 3190 papa
942 3125 968 3173 in
1016 3128 1167 3178 monachum
1189 3144 1354 3180 reversurum.
1389 3131 1513 3194 Expecta-

473 3210 587 3272 coacilia,
599 3218 624 3260 et
643 3209 760 3274 prmiatas
778 3207 888 3256 minutor
903 3205 969 3253 iuter
1015 3205 1059 3256 bat
1069 3205 1169 3258 interim
1180 3207 1245 3258 idem
1253 3209 1392 3260 monachus
1403 3211 1430 3259 in
1438 3209 1514 3260 Flau-

472 3307 522 3344 sas.
557 3290 670 3340 Tandem
690 3303 750 3352 ergo
772 3285 879 3350 contigit
890 3291 926 3344 at,
942 3283 968 3331 iu
1015 3284 1515 3354 driaiutentuaadaolligendumquad·

471 3369 613 3436 vespertino
624 3365 731 3418 coneilio
742 3363 834 3416 domiai
846 3379 925 3428 papa,
937 3363 968 3412 de
1016 3364 1073 3414 dam
1084 3365 1223 3419 subsidium
1234 3367 1302 3420 dieto
1313 3367 1434 3422 cardinali
1444 3368 1514 3418 Albo

471 3449 575 3513 praefata
594 3447 696 3510 negotio
715 3447 841 3510 agebatur.
876 3443 968 3505 Dispa·
1017 3441 1178 3494 cisterciensi
1190 3460 1234 3508 per
1245 3460 1362 3508 personas
1378 3447 1475 3496 ordinis
1486 3447 1514 3496 in

472 3529 571 3576 tabatar
581 3525 673 3574 diutius
684 3531 717 3584 et,
728 3523 758 3572 P.
1015 3521 1128 3585 partibas
1139 3523 1189 3572 illis
1200 3531 1226 3573 et
1236 3539 1315 3588 reguo
1327 3524 1440 3574 Francia
1453 3541 1513 3576 con-

505 3605 515 3638 ²
531 3602 663 3668 namnum]
677 3601 788 3666 wanting
799 3601 827 3650 in
837 3600 867 3650 P.
1016 3615 1128 3662 cassum
1148 3603 1237 3652 abbate
1249 3604 1281 3652 de
1292 3603 1375 3654 Duris
1391 3619 1435 3674 per
1446 3620 1514 3654 eom-

503 3683 692 3748 ³Qaapropter
708 3680 800 3745 dnae]
819 3680 905 3732 Latus
922 3677 968 3744 igi-
1015 3680 1161 3733 missionem
1185 3681 1233 3732 sibi
1261 3682 1390 3734 associata.
1426 3685 1514 3736 abba

470 3763 633 3823 tureiiectns‚
645 3761 675 3811 P.
1016 3774 1076 3824 ergo
1099 3767 1192 3822 nester,
1209 3775 1314 3810 cernens
1336 3762 1464 3827 negotium
1486 3764 1514 3812 iu

503 3843 513 3874 ⁴
530 3843 607 3892 Alter
617 3839 740 3890 cardinali
750 3839 834 3899 insert,
846 3853 893 3903 pro
901 3839 968 3888 bono
1016 3845 1084 3888 arcto
1095 3839 1210 3902 positum,
1226 3839 1285 3889 tulit
1301 3841 1436 3906 originalia
1452 3857 1515 3905 prm·

471 3923 619 3982 saebbore,
629 3921 658 3972 P.
1017 3917 1092 3978 dieta,
1102 3917 1189 3967 multia
1205 3933 1279 3982 saper
1294 3919 1342 3968 hoe
1359 3935 1514 3970 murmuran-

503 4002 513 4033 ⁵
530 4000 596 4066 aliu]
612 3999 724 4065 vmtiug
734 3998 761 4048 in
772 3999 802 4050 P.
1015 3995 1091 4057 abur,
1108 3995 1135 4044 in
1152 3997 1250 4047 duobus
1268 3997 1421 4048 flasconibus
1436 3999 1515 4049 arn'fi·

504 4081 559 4131 leo
576 4117 583 4134 .
600 4119 607 4133 .
624 4077 713 4144 ualuit]
733 4093 793 4129 nam
806 4093 864 4129 aum
883 4077 969 4127 omnia
1016 4073 1083 4124 clare
1110 4076 1237 4138 conclusa,
1265 4083 1291 4126 st
1318 4078 1460 4128 manumisit
1486 4079 1514 4128 lu

470 4169 552 4210 essent
585 4161 734 4221 examinata,
765 4159 866 4211 nolebat
899 4157 969 4206 cuna
1016 4154 1169 4204 Flandriam.
1190 4155 1293 4206 Etinda
1303 4156 1514 4216 monachandum

470 4239 631 4304 transumptis
641 4239 725 4300 fidem,
735 4237 766 4288 P.
1016 4249 1137 4285 conversa
1153 4234 1252 4285 rediens
1263 4235 1426 4300 Avinionn,
1437 4237 1514 4286 tradi·

503 4314 968 4380 ⁷Iiatir'cas‚tatl1eeudoithechup·
1016 4314 1087 4366 daret
1108 4312 1242 4396 originalia
1263 4315 1383 4378 praedicta
1410 4313 1514 4378 prnimo

470 4398 521 4464 tar]
542 4398 619 4448 Unde
637 4397 720 4447 dictas
736 4395 873 4446 monachu·
890 4395 968 4446 tristia
1015 4391 1142 4454 minuturi,
1153 4393 1197 4457 qul
1209 4409 1239 4443 ea
1256 4392 1419 4457 scriptoribus
1435 4394 1514 4459 traig-

471 4478 575 4528 effectus
581 4474 808 4526 redieanelaaiam
819 4473 893 4538 [ric],
900 4473 969 4523 misit
1014 4481 1117 4524 neverat
1127 4495 1134 4533 t
1146 4479 1171 4522 et
1181 4473 1219 4523 sic
1229 4473 1357 4538 negotium
1366 4473 1514 4538 pradictum

469 4557 603 4624 prefatum
622 4569 772 4606 conversam
791 4553 818 4601 in
837 4551 968 4616 Angliam,
1015 4553 1048 4602 ad
1064 4551 1139 4604 linem
1156 4559 1268 4618 optatum
1284 4552 1404 4617 pervenit
1438 4553 1513 4604 Unde

470 4645 639 4702 reportantem
649 4639 813 4698 nautampta
825 4630 909 4696 copias
922 4632 967 4682 mi-
1015 4631 1096 4682 dictus
1117 4632 1254 4682 monachas
1275 4633 1308 4682 ad
1334 4632 1514 4684 monasterinm

470 4725 594 4776 natarum,
613 4731 644 4766 aa
662 4714 758 4766 litterar
778 4725 836 4762 saar
855 4711 968 4762 omnium
1015 4711 1123 4776 τοᾱίουι,
1149 4711 1256 4762 reddidit
1283 4711 1349 4762 dicta
1382 4711 1513 4778 annania

470 4797 655 4859 premissorum
676 4791 841 4852 naamatites,
864 4792 896 4840 ad
915 4806 968 4841 me-
1015 4790 1215 4855 habeutiasuper
1224 4790 1388 4841 hocverbum
1408 4791 1513 4842 “Pran-
