3614 5888
477 897 676 946 wimannus
698 897 745 944 uu
767 895 998 957 narremus,
1020 893 1133 942 assas.
1284 881 1323 941 91

621 1511 1002 1591 APPENDIX.¹

715 1724 902 1734 --—-————-

322 1863 394 1919 Post
419 1864 568 1920 dominum
586 1865 768 1922 Willclmum
794 1865 830 1920 do
849 1864 969 1920 Sonche
987 1863 1238 1936 archiepiscopum
1255 1861 1331 1918 llbe-
1343 1866 1411 1916 Al).
1427 1872 1489 1916 1³49

287 1967 447 2014 nicensem,
467 1949 519 2020 qui
543 1949 617 2006 obiit
643 1967 717 2005 anno
735 1949 854 2004 Domini
875 1949 955 2014 1352,
975 1949 1109 2004 dominus
1128 1948 1275 2004 lohannes
1294 1947 1330 2002 de
1342 1938 1458 2024 '¹³⁵³‘

287 2033 437 2104 Thoresby
448 2034 607 2090 translatus
626 2041 672 2090 est
689 2035 725 2089 de
737 2033 936 2104 wigorniensi
948 2033 985 2088 ed
997 2034 1097 2089 sedem
1108 2034 1329 2088 Eboracensem.
1345 2012 1492 2062 3⁸⁰⁰⁰⁸⁵¹⁰¹¹

289 2118 425 2174 Clemens
450 2137 526 2191 papa
544 2119 560 2174 6
578 2119 732 2175 constituit
755 2119 872 2190 plenam
896 2117 1110 2189 indulgentiam
1134 2118 1234 2180 Roma
1253 2117 1332 2172 omni
1345 2079 1479 2208 fflgssby

287 2219 361 2257 anno
391 2203 644 2274 quinquagesimo,
664 2221 730 2275 qnae
759 2202 842 2274 priua
872 2201 951 2256 omni
976 2220 1050 2257 anno
1077 2199 1255 2258 centesimo²
1279 2217 1371 2271 porto
1384 2212 1479 2261 thesoe

288 2286 479 2342 Bonelaoinm
504 2305 610 2359 papam
634 2287 652 2341 8
679 2288 777 2342 fuerat
805 2285 949 2340 instituta.
987 2285 1045 2340 Sex
1072 2286 1177 2342 fratres
1202 2285 1332 2340 Minores
1345 2277 1460 2327 ⁰fY0lk·

290 2369 461 2426 combussit.
497 2370 628 2426 Abbates
647 2370 761 2426 Sanctae
787 2369 943 2425 Genovefae
963 2370 1148 2435 Parisiensis,
1176 2376 1206 2426 et
1233 2369 1333 2425 Sancti
1346 2345 1452 2394 ΛΕΜ

290 2453 449 2509 Clementis
467 2455 618 2519 Metsnsis,
639 2473 672 2510 ac
692 2453 791 2509 Sancti
809 2453 894 2508 Pauli
906 2453 1101 2520 Bisuntensis‚
1115 2460 1333 2510 conservatores
1346 2411 1478 2527 miii

289 2538 513 2610 privilegiorum
531 2539 641 2594 ordinis
658 2539 752 2594 nostri
765 2538 969 2594 cisterciensis
988 2538 1140 2594 stabilivit.
1177 2539 1236 2594 Hic
1248 2537 1333 2593 valde
1346 2545 1475 2594 l’romotea

291 2622 474 2678 incontinens
502 2623 575 2689 luit3
605 2629 635 2679 et
659 2623 772 2678 creavit
798 2640 889 2677 uuum
915 2621 951 2676 de
976 2622 1045 2678 filiis
1064 2623 1126 2678 suis
1144 2623 1331 2688 cardinalem,
1346 2611 1481 2660 0³⁰0s¹¹5⁸

291 2725 415 2778 puerum
444 2707 557 2763 scilicet
586 2707 621 2762 16
646 2724 787 2762 annorum
813 2711 937 2772 tantum,
965 2707 1017 2777 qui
1043 2713 1145 2778 postea
1173 2708 1230 2763 fuit
1259 2725 1334 2778 papo
1346 2685 1442 2793 8013.ῑο
1450 2677 1501 2781 ,ὼε
1524 2753 1532 2760 .

290 2789 453 2862 Gregorius
464 2791 544 2847 XI¹¹⁸.
582 2789 654 2847 Post
672 2791 784 2846 dictum
797 2790 978 2846 Clementem
996 2790 1073 2846 sedit
1084 2791 1271 2847 Innocentius
1283 2793 1332 2856 6¹¹,
1346 2759 1449 2860 faigm

291 2877 450 2941 saecularis,
470 2893 544 2931 anno
562 2875 682 2930 Domini
708 2875 787 2930 1352.
824 2875 883 2930 Hic
901 2876 991 2930 etiam
1008 2876 1094 2941 filios,
1114 2876 1219 2932 fratres
1238 2883 1268 2932 et
1285 2893 1334 2930 ne·
1346 2876 1479 2940 Ncpotism

290 2965 372 3030 potes
410 2979 488 3024 suos,
516 2959 663 3014 ordinavit
698 2959 729 3013 in
767 2959 930 3014 cardinales
956 2964 986 3014 et
1013 2959 1173 3031 episcopos,
1204 2960 1335 3015 adinstar
1347 2943 1376 2992 ⁰f
1384 2945 1461 2991 Inno-

292 3043 452 3098 Clementis
470 3042 695 3114 predecessoris
715 3042 771 3106 sui,
786 3041 828 3096 ita
844 3047 879 3096 ut
896 3041 945 3097 vix
962 3049 1144 3098 remanserat
1161 3044 1192 3097 in
1210 3043 1335 3113 collegio
1347 3009 1465 3060 cmm·

292 3126 486 3182 cardinalium
505 3126 613 3197 aliquis
631 3125 689 3180 uisi
707 3125 743 3180 de
762 3125 900 3184 affinitate
918 3126 1012 3196 ipsius
1030 3131 1061 3180 et
1078 3125 1149 3180 dicti
1163 3126 1332 3182 Clementis.
1348 3117 1364 3166 f·
1380 3122 1425 3167 109
1438 3115 1462 3166 b·

291 3211 360 3276 Hic,
381 3229 456 3266 anno
474 3211 660 3282 pontificatus
685 3210 731 3264 sui
757 3209 861 3280 primo,
888 3209 958 3280 quia
981 3209 1100 3264 abbates
1118 3209 1235 3280 Angliae
1260 3209 1336 3264 ordi·
1350 3208 1501 3286 Theobbots

292 3295 336 3348 nis
361 3295 454 3350 nostri
474 3293 678 3350 Cisterciensis
704 3293 742 3347 ad
759 3293 946 3364 praescriptos
970 3293 1098 3358 abbates,
1119 3283 1335 3349 conservatores
1350 3275 1470 3352 ⁰iwest'

290 3379 515 3450 privilegiorum
539 3384 713 3442 nostrorum,
732 3395 786 3448 pro
813 3377 999 3432 conservaeia
1025 3377 1194 3442 eorundem,
1222 3378 1335 3449 quoties
1348 3349 1473 3457 fflgffarm

292 3480 409 3518 necesse
428 3464 513 3526 foret,
533 3461 571 3517 ed
587 3466 686 3532 partes
704 3462 914 3516 transmarinas
932 3479 1106 3518 concursum
1117 3461 1224 3517 habere
1235 3463 1337 3533 nequi·
1349 3477 1398 3524 and
1410 3445 1487 3524 (πιεζ-

292 3553 407 3612 verunt,
435 3545 586 3602 constituit
622 3545 740 3601 abbates
766 3545 1021 3601 westmonasterii
1044 3564 1135 3618 prope
1161 3547 1334 3614 Loudouias,
1348 3547 1498 3599 macomer-

292 3638 322 3686 et
339 3631 375 3686 de
393 3631 551 3696 Evesham,
571 3647 605 3685 ao
631 3629 743 3685 Sancte
767 3629 941 3702 Werburgae
966 3629 1099 3697 (lestriae,
1119 3637 1336 3689 conservatores
1349 3608 1481 3687 v⁸i⁰f⁵⁰s

291 3715 515 3786 privilegiorum
533 3713 643 3769 ordinis
660 3714 764 3779 nostri,
787 3713 889 3768 cadem
907 3714 1080 3771 auctoritate
1097 3733 1156 3787 qua
1171 3718 1336 3788 praecripti
1348 3675 1498 3792 Ξῗῖἐὲθῇἳί

291 3799 409 3854 abbates
435 3799 524 3870 primi
550 3804 768 3854 conservatores
795 3799 911 3853 fuerant
937 3799 1098 3854 constituti.
1142 3799 1199 3869 Qui
1217 3801 1336 3872 quidem
1348 3807 1462 3859 terciana.

291 3883 379 3938 abbas
393 3882 506 3938 Sancta
518 3882 693 3953 Werbnrgae
705 3881 858 3937 officialem
870 3882 960 3936 curiae
972 3883 1165 3940 Eboracensis
1177 3902 1211 3940 ac
1222 3885 1336 3956 priores

293 3967 407 4022 Sanctia
425 3966 579 4022 Trinitatis
604 3971 635 4022 et
653 3965 754 4021 Sancti
771 3965 898 4020 Andreae
916 3965 1050 4031 Eboraci,
1071 3976 1219 4023 eteorum
1237 3987 1336 4040 quem-

292 4051 374 4114 libet,
402 4050 557 4106 constituit
582 4049 867 4114 subconservatorcs,
894 4049 933 4104 ad
958 4050 1091 4105 facienda
1114 4057 1144 4107 et
1169 4053 1337 4123 exequenda

294 4135 391 4189 omnia
413 4141 443 4190 et
468 4133 586 4206 singula
605 4151 670 4205 quas
696 4134 728 4188 in
753 4133 836 4188 bulla
854 4133 890 4188 de
908 4133 1094 4190 conservacia
1111 4135 1252 4206 praedieta
1269 4145 1337 4193 sunt

294 4223 469 4290 expressata.

294 4367 461 4374 ...ομ--.φ
470 4369 493 4373 --
509 4367 560 4374 --ο-
573 4368 589 4374 -.
606 4369 657 4374 --
676 4365 805 4374 -----.-.-
961 4367 1024 4372 --.-
1036 4369 1098 4374 -,,.,..
1148 4371 1162 4376 ,-
1175 4372 1222 4378 ---—

325 4454 333 4486 ¹
351 4453 455 4505 Printed
466 4454 531 4504 from
547 4453 591 4504 the
607 4453 719 4518 Egcrton
731 4453 788 4504 MS.
868 4452 879 4486 ²
895 4457 959 4504 omni
970 4472 1035 4506 anteo
1046 4457 1188 4524 centesimo]
1208 4459 1337 4524 Repeetcd

293 4535 339 4584 see
351 4537 438 4593 above,
450 4551 473 4600 p.
486 4538 527 4596 87,
539 4541 598 4584 note
610 4540 633 4582 3.
836 4533 899 4584 asten
910 4534 952 4585 the
964 4538 1046 4586 vords
1053 4553 1147 4604 papum
1158 4537 1186 4588 a,

591 4747 763 4755 ———.—-
779 4749 928 4756 --aaeo—
944 4753 956 4756 -
