3610 5890
538 887 636 937 auco
659 885 768 936 rarus
791 887 943 946 oururus
966 885 1127 935 nannius.
1310 874 1348 936 61

303 1064 396 1130 misit
418 1063 507 1149 quod
530 1085 640 1150 regem
665 1062 867 1127 Edwardum
891 1063 1021 1148 Angliae
1035 1085 1056 1126 a
1079 1062 1168 1126 dicte
1183 1061 1352 1125 obsidione
1364 1071 1433 1123 A.D.
1448 1077 1519 1124 1³46.

303 1172 478 1244 revocaret,
513 1170 573 1230 aut
598 1165 717 1230 faceret
750 1164 948 1228 Humbriam
983 1165 1123 1228 limitem
1163 1163 1256 1249 regni
1294 1163 1352 1226 sui.

302 1268 449 1353 Septimo
473 1267 527 1331 die
543 1266 696 1332 Octobris
718 1266 874 1351 Angliem
897 1266 1063 1352 ingressus
1085 1265 1173 1351 cepit
1198 1265 1353 1330 munitio·

303 1390 380 1433 nem
403 1370 443 1433 de
476 1367 614 1453 Lydello
640 1367 741 1451 juxta
769 1367 963 1444 Karliolum‚
990 1373 1025 1432 et
1049 1389 1161 1432 omnes
1183 1367 1220 1430 in
1242 1389 1281 1431 ea
1303 1367 1354 1430 in-

304 1475 423 1534 ventos
456 1469 559 1554 jussit
590 1469 741 1554 protinus
779 1468 943 1533 decollari.
1001 1469 1047 1532 Et
1078 1468 1198 1533 exinde
1232 1468 1354 1532 direxit

304 1572 407 1638 aciem
422 1593 536 1636 versus
552 1569 790 1647 Excildesham,
806 1571 930 1656 patrias
945 1568 1105 1656 spolians¹
1120 1574 1154 1634 et
1169 1569 1355 1646 incendens,

305 1674 376 1738 seni
390 1694 452 1738 nec
462 1672 581 1758 juveni
596 1677 655 1736 aut
670 1671 800 1736 mulieri
815 1672 985 1757 parcendo,
1009 1694 1120 1737 omnes
1136 1673 1355 1758 apprehensos

305 1774 527 1840 mortificavit
574 1773 637 1840 Oui
652 1773 804 1840 dominus
818 1773 1003 1839 Willclmus
1026 1774 1066 1838 de
1089 1774 1227 1839 Sowcbz
1250 1775 1354 1838 erebi·
1366 1787 1393 1837 Is
1402 1789 1513 1840 deleted

306 1879 474 1964 episcopus
498 1876 719 1954 Eboreeensis,
734 1898 809 1941 oum
824 1876 918 1954 clero,
941 1897 1046 1941 comes
1071 1876 1213 1962 Dangos,
1229 1876 1351 1941 domini
1365 1855 1471 1970 ⁸{flleNe'

306 1981 347 2045 de
363 1981 476 2064 Peroy,
492 1978 692 2064 Mowebray,
708 1956 857 2054 Nevelle,
871 1977 1050 2056 Dencourt,
1073 1978 1152 2042 baro
1168 1978 1210 2042 de
1233 1978 1354 2042 Bothe·
1366 1985 1464 2103 cerem]

307 2081 457 2159 halect
489 2081 630 2146 Thomas
663 2080 704 2144 de
736 2079 895 2164 Rokesby
924 2080 1101 2144 vicecomes
1134 2067 1428 2145 Eboracensis¹²ear
1347 2119 1491 2182 ›Durham

308 2181 433 2247 collect
409 2186 452 2246 trs
474 2181 602 2247 viribus
624 2187 658 2246 et
681 2186 844 2268 apparatu
867 2180 984 2246 bellico
1008 2183 1073 2248 900
1096 2185 1297 2246 armatorum
1322 2188 1452 2247 teans
1383 2187 1452 2234 nara
1455 2186 1503 2236 ken

309 2285 406 2360 9‚000
437 2282 692 2368 sagittariorum,
730 2302 833 2367 usque
864 2280 907 2346 ad
940 2303 1073 2368 percum
1105 2284 1146 2348 de
1179 2267 1404 2348 Aukelandp
1406 2265 1485 2302 ΗΜ

308 2406 409 2472 prope
432 2385 642 2450 Dunelmiam
667 2388 746 2447 sunt
767 2381 911 2470 profecti
967 2383 1085 2468 Ibique
1117 2385 1246 2471 populis
1277 2371 1356 2450 udu-

308 2487 405 2563 natis,
427 2507 525 2573 super
548 2507 671 2550 moram
695 2486 783 2550 inter
798 2484 1010 2550 Dunelmiam
1026 2492 1061 2552 et
1077 2487 1357 2575 Bewerepayram‚

308 2589 392 2654 circe
413 2587 528 2653 horam
560 2588 627 2653 diei
657 2587 806 2674 primam,
842 2586 949 2653 Scotti
982 2593 1017 2652 et
1046 2589 1178 2676 Anglici
1200 2611 1359 2656 convene-

308 2701 396 2767 runt,
430 2691 466 2755 in
496 2689 614 2776 vigilia
648 2689 763 2754 Sancti
797 2688 903 2767 Lucae,
940 2689 1091 2776 pluribus
1126 2691 1249 2758 Scottis
1287 2693 1358 2779 ipso
1372 2703 1401 2751 1⁷
1415 2699 1471 2751 Oet

307 2813 403 2856 mane
424 2791 562 2878 sparsim
584 2791 726 2877 patriam
750 2789 1016 2875 depraedentibus
1036 2792 1079 2856 ab
1096 2793 1242 2880 Angliois
1256 2794 1359 2860 inter·

308 2891 408 2958 fectis.
453 2893 543 2957 Nam
575 2895 656 2957 turio
690 2891 860 2978 episcopus
892 2892 1124 2958 Dunelmensis
1146 2894 1236 2980 apud
1258 2897 1360 2980 quod-

309 2994 385 3059 dem
408 2995 591 3059 manerium
614 3015 710 3058 suum
732 2994 768 3057 in
784 2993 934 3079 partibus
949 2997 1146 3062 australibus
1161 2999 1359 3064 morabatur.

312 3098 461 3184 Uterque
491 3102 602 3164 eutem
626 3097 799 3175 exercitus,
826 3097 1009 3182 Anglorum
1032 3099 1187 3166 videlicet
1209 3107 1244 3166 et
1266 3102 1360 3166 Scot-

311 3207 431 3278 torum,
465 3204 580 3286 gentes
602 3222 678 3265 sues
709 3200 744 3262 in
778 3204 846 3264 tres
868 3200 952 3263 acies
975 3200 1156 3278 dividebat,
1181 3203 1360 3288 sagittariis

312 3323 333 3364 a
354 3301 456 3366 latere
481 3303 679 3368 constitutis.
726 3301 834 3366 Scotti
857 3305 970 3366 eutem
1003 3301 1159 3388 eligentes
1197 3306 1362 3389 quandam

311 3402 455 3487 placeam
478 3403 666 3488 aliqualiter
688 3403 825 3467 arduam
848 3406 1038 3468 statuerunt
1061 3404 1184 3468 ibidem
1207 3404 1364 3492 Anglicos

312 3508 489 3588 expectere.
537 3503 698 3570 Similiter
721 3511 755 3569 et
777 3503 912 3591 Anglici
934 3504 1041 3570 locum
1064 3505 1166 3570 elium
1189 3527 1249 3591 pro
1272 3513 1365 3594 parte

312 3606 590 3690 praeeminentem,
615 3627 674 3692 per
697 3610 851 3693 quartam
877 3611 1006 3691 partem
1030 3607 1128 3672 unius
1151 3607 1300 3674 milliaris
1322 3611 1366 3676 ab

312 3707 358 3771 eis
379 3707 571 3787 distantem,
605 3709 831 3787 escenderunt,
862 3709 1025 3774 insultum
1060 3709 1206 3774 hostiam
1229 3717 1366 3796 praesto·

311 3809 425 3876 lantes.
471 3810 537 3875 Sed
562 3813 626 3875 500
650 3809 816 3898 sagittarii
830 3811 965 3897 Anglici
984 3816 1220 3898 praecurrentes
1236 3813 1366 3880 Scottus

312 3911 493 3978 missilibus
516 3911 747 3999 multipliciter
762 3911 924 3978 confossos
939 3913 1047 3978 locum
1062 3913 1154 4000 prius
1171 3920 1365 4003 occupatum

314 4015 460 4081 deserere
495 4021 530 4081 et
567 4015 611 4079 sd
649 4016 838 4081 conflictum
872 4037 1006 4102 pergere
1034 4017 1266 4102 provocabunt.
1321 4018 1367 4084 Et

314 4117 427 4181 statim
464 4117 589 4182 sactum
624 4121 675 4182 est
709 4123 748 4182 ut
781 4137 893 4182 omnes
931 4119 1015 4183 ecies
1047 4119 1214 4206 pedestres
1244 4121 1368 4208 pariter

314 4218 543 4285 conflixenmt.
599 4217 646 4284 Et
667 4219 803 4306 Anglici
825 4219 931 4305 primo
954 4219 1143 4305 aliqualiter
1164 4223 1367 4288 retrocedere

314 4321 574 4407 compelluntur3
604 4322 662 4387 sed
684 4321 771 4387 vires
793 4325 997 4386 resumentes
1019 4320 1143 4388 Scottis
1165 4325 1250 4390 ictus
1273 4323 1365 4389 debi-

313 4427 364 4487 tos
386 4423 617 4509 rependerunt.
664 4421 820 4502 Tandem,
843 4427 976 4510 propter
997 4423 1226 4491 lassitudinem
1241 4430 1275 4490 et
1296 4447 1364 4490 cer-

312 4527 447 4590 taminis
481 4526 748 4604 diutumitatem‚
779 4525 857 4591 hinc
894 4531 928 4592 et
966 4527 1044 4594 inde
1078 4527 1146 4592 suis
1176 4527 1298 4591 lanceis
1329 4534 1364 4592 et

644 4741 652 4772 ¹
669 4738 791 4806 spolians]
811 4740 926 4804 specibus
938 4741 966 4790 in
977 4741 1035 4793 MS.
