3578 5874
511 901 649 953 rsonae
671 901 781 954 senas
802 901 919 953 uerus
941 901 1103 953 neamus.
1261 887 1325 954 255

244 1073 250 1106 ³
278 1078 384 1142 solum
416 1078 460 1144 ed
494 1081 742 1167 inquisitionem
776 1081 903 1146 ratione
935 1081 1167 1166 exceptionum
1192 1081 1227 1142 et
1249 1097 1326 1141 con·
1340 1087 1409 1138 An).
1423 1093 1487 1140 raes

280 1181 504 1268 sumptionum
544 1184 808 1268 praescriptarum
849 1183 1064 1269 imposterum
1098 1179 1326 1268 peragendam,
1341 1161 1431 1207 '¹³⁹⁹‘

280 1288 315 1348 et
346 1285 612 1350 exonerationem
636 1285 834 1350 decimarum
857 1285 935 1350 inde
969 1307 1029 1372 pro
1052 1290 1210 1372 perpetuo
1242 1303 1327 1347 asse-

281 1386 455 1472 quendam,
479 1407 595 1452 verum
626 1387 727 1452 etiam
759 1387 802 1452 ad
835 1391 965 1452 tantam
990 1407 1153 1451 summam
1176 1385 1217 1450 de
1245 1405 1329 1471 prae·

281 1488 410 1575 scriptis
432 1489 555 1554 debitis
586 1489 785 1554 monasterio
817 1511 876 1554 suo
899 1489 1146 1554 remanentibus
1168 1509 1226 1574 per
1254 1507 1327 1572 pro·

281 1609 406 1654 cessum
437 1591 594 1676 temporis
630 1589 783 1656 similiter
816 1589 1041 1656 minuendam.
1100 1591 1150 1654 De
1181 1587 1330 1654 ulteriori

282 1711 360 1778 verp
382 1713 534 1778 processu
556 1715 594 1758 ao
614 1693 830 1779 inquisitione
854 1693 1086 1779 exceptionum
1109 1696 1143 1757 ct
1158 1711 1329 1776 consump-

281 1792 411 1859 tionum
443 1795 707 1881 praescriptarum
730 1799 878 1881 tempore
902 1795 1028 1860 domini
1051 1793 1209 1858 Willelmi
1231 1793 1330 1858 Wen·

283 1895 384 1961 dover
406 1894 537 1961 abbatis
559 1897 704 1962 vicesimi
727 1902 841 1984 postea
872 1897 1038 1962 referetur.
1087 1896 1220 1961 Interea
1242 1917 1329 1973 vero,
1344 1916 1361 1967 f.
1377 1919 1431 1966 tan.

283 2003 357 2083 post
379 2003 520 2064 mortem
544 1999 669 2064 domini
692 1997 832 2064 Roberti
852 1999 1067 2065 Eborecensis
1088 1995 1330 2085 archiepiscopi,
1344 1993 1491 2047 emtore

285 2099 495 2187 praescriptus
525 2101 676 2166 dominus
701 2101 863 2166 Ricardus
892 2100 933 2166 de
956 2099 1084 2187 Sempe,
1108 2099 1214 2164 insula
1244 2061 1480 2192 Ebc-iffi&

282 2203 408 2268 recensi
441 2225 516 2269 cum
548 2202 665 2268 fuisset
693 2199 882 2290 insignitus,
909 2209 943 2268 et
976 2203 1046 2268 sedi
1078 2202 1264 2289 apostolicae
1296 2202 1333 2267 in
1344 2195 1431 2274 ΨΜ

284 2305 446 2370 solutione
467 2305 633 2370 fluctuum
648 2305 862 2370 triennalium
878 2327 937 2392 pro
964 2305 1040 2370 sede
1057 2325 1117 2370 sua
1132 2301 1330 2368 Eboracensi
1344 2261 1457 2408 Q?

283 2407 398 2473 fuisset
420 2407 591 2494 obligatus,
614 2427 763 2474 concessa
792 2408 858 2474 fuit
887 2405 978 2473 dicto
1002 2407 1251 2494 archiepiscopo
1275 2394 1499 2512 Iti-gfflffihw

284 2509 381 2576 cardo
403 2531 425 2576 a
446 2511 530 2576 clero
553 2533 620 2577 suae
643 2509 858 2577 Eboracensis
881 2512 1038 2590 dioecesis,
1061 2531 1122 2596 pro
1152 2513 1329 2597 supporta·
1454 2498 1461 2512 ’

284 2612 374 2678 tione
405 2635 541 2679 onerum
578 2613 676 2678 dietae
716 2613 802 2679 sedis
834 2617 869 2678 et
911 2613 1057 2680 matricis
1089 2633 1158 2679 suae
1190 2611 1333 2678 ecclesiae

285 2715 433 2793 Eboraci,
459 2715 586 2782 decima
617 2737 686 2781 una
718 2716 848 2802 integra
878 2717 918 2782 de
941 2715 1168 2803 spiritualibus
1191 2721 1226 2782 et
1247 2721 1333 2782 tern-

285 2818 452 2904 poralibus
475 2819 550 2898 suis,
567 2819 705 2904 adjectis
719 2839 779 2906 pro
802 2823 897 2906 parte
912 2823 1028 2884 nostra
1042 2818 1334 2905 consumptionum

286 2919 542 3006 exceptionibus,
559 2921 673 3006 quales
686 2921 892 3008 interpositae
914 2921 1049 2988 fuerunt
1071 2921 1107 2986 in
1129 2921 1334 2988 concessione

285 3025 484 3110 praecripta
507 3025 695 3090 medietatis
727 3025 862 3090 dacimae
892 3023 1023 3089 domino
1045 3025 1114 3111 regi
1144 3023 1236 3110 prius
1258 3043 1335 3088 con-

286 3147 393 3191 cessae.
429 3125 494 3191 Sed
517 3147 591 3192 cum
614 3127 651 3190 in
673 3127 837 3191 solutione
859 3126 967 3212 prima
981 3126 1129 3212 praefatce
1144 3121 1334 3191 medietatis
1348 3129 1486 3208 spemn-

286 3227 419 3294 decimse
456 3228 589 3294 domino
626 3227 869 3315 archiepiscopo
906 3249 1072 3308 concessae,
1105 3228 1206 3294 salvis
1236 3198 1478 3314 dictis},’‡'ff,¹,{{,¹',to

287 3331 543 3417 exceptionibus,
566 3331 671 3396 eidem
694 3331 848 3396 satisfieri
872 3331 1048 3410 debuisset,
1072 3351 1142 3410 nos,
1165 3351 1239 3396 cum
1259 3351 1333 3395 nec·
1345 3331 1474 3410 ⁸1¹on

287 3433 366 3497 dum
399 3433 440 3498 de
471 3433 699 3499 certificatorio
734 3433 869 3499 domino
900 3433 972 3519 regi
1005 3433 1093 3499 facto
1126 3432 1169 3498 ad
1198 3432 1332 3520 plenum
1345 3404 1501 3530 {ffifffi'y

288 3533 351 3600 sibi
374 3539 548 3616 constaret,
571 3535 613 3622 vj.
637 3535 746 3614 libras,
770 3557 803 3600 x.
827 3535 956 3613 solidos,
978 3557 1010 3602 x.
1026 3536 1176 3600 denarios
1191 3539 1332 3612 tantum,
1345 3531 1503 3648 pomona·-

289 3658 349 3724 pro
371 3638 548 3703 medietate
582 3638 681 3704 dictae
715 3638 859 3716 decimae,
882 3641 917 3702 ct
938 3639 1036 3704 terrie
1058 3660 1097 3704 ac
1118 3637 1334 3726 proventibus
1371 3613 1409 3664 ’γ’

290 3739 498 3804 ecclesiam
534 3739 642 3806 adhuc
679 3741 877 3807 monasterio
911 3739 1165 3820 remanentibus,
1197 3739 1335 3827 praelato

290 3843 426 3908 domino
457 3843 698 3930 archiepiscopo
729 3843 956 3930 persolvimus,
991 3849 1025 3908 et
1056 3864 1116 3929 pro
1148 3843 1221 3908 aliis
1244 3848 1334 3909 tene·

291 3945 414 4010 mentis
451 3951 486 4012 et
522 3947 739 4032 proventibus
784 3947 1001 4024 ecclesiarum,
1040 3951 1079 4010 ut
1111 3945 1336 4032 premittitur,

290 4049 500 4134 consumptis,
523 4049 567 4133 xj.
583 4048 693 4128 libras,
717 4049 784 4134 xvj.
809 4049 935 4126 solidos,
952 4048 1021 4134 viij.
1038 4049 1195 4126 denarios,
1210 4048 1335 4114 solvere

289 4151 518 4216 recusavimus.
566 4149 631 4216 Sed
661 4150 818 4238 prefatus
841 4151 1110 4238 archiepiscopus,
1133 4173 1207 4216 cum
1229 4151 1335 4216 nulla·

289 4257 388 4319 tenus
421 4253 485 4318 sibi
519 4259 685 4320 constaret
716 4254 757 4318 de
779 4253 972 4340 particulari
996 4255 1253 4340 consumptione,
1276 4257 1337 4320 aut

290 4377 400 4422 annuo
437 4357 569 4423 redditu
601 4363 661 4422 aut
694 4363 782 4423 certo
808 4357 919 4421 valore
950 4356 1180 4444 temporalium
1214 4363 1248 4422 et
1271 4358 1336 4444 spi-

288 4459 461 4524 ritualium
493 4463 690 4540 nostrorum,
721 4463 760 4524 ut
800 4459 1027 4546 praemittitur,
1058 4463 1335 4546 consumptorum,

290 4565 325 4627 et
358 4581 432 4626 cum
466 4561 732 4628 certificatorium
763 4561 891 4626 nullum
923 4561 1069 4626 medium
1100 4561 1189 4627 inter
1220 4581 1279 4625 nos
1302 4564 1336 4625 et

290 4665 397 4750 ipsum
431 4664 595 4743 existeret,
617 4668 738 4751 praeter
772 4687 869 4728 suum
902 4663 1072 4730 recordum
1102 4663 1271 4750 proprium
1296 4664 1336 4729 de

289 4772 379 4832 certa
393 4766 498 4834 forme
512 4767 740 4854 exceptionum
757 4765 917 4832 factarum
932 4766 969 4830 in
984 4765 1188 4833 concessione
1203 4765 1337 4834 decimae
