3614 5888
598 881 781 938 tonsurus
803 887 850 938 nn
872 889 1012 953 ersten,
1035 889 1149 942 suess.
1352 883 1394 946 99

348 1058 469 1145 scripto
495 1059 630 1126 domino
652 1061 802 1126 Johsnni
828 1061 869 1125 de
892 1061 1102 1151 Cotynghem
1131 1088 1191 1154 pro
1220 1068 1393 1154 arreragiis
1406 1077 1472 1130 Am.
1488 1083 1551 1130 loss

349 1163 512 1248 pensionis
543 1183 611 1230 suec
649 1163 856 1242 deberentur,
893 1171 927 1231 et
964 1167 1034 1254 ipse
1071 1170 1203 1256 quidem
1240 1171 1392 1236 dominus

1404 1151 1496 1198 Auno.

399 1354 690 1361 —-—-—.——
709 1356 716 1359 -
739 1353 807 1360 -----
834 1354 882 1359 -—-
901 1355 968 1361 --—.
999 1357 1135 1363 ...----
1177 1360 1377 1368 --——-—

348 1459 420 1524 pretii
430 1461 473 1524 vij.
485 1461 605 1512 librorum
616 1481 623 1522 t
634 1462 704 1524 item,
712 1459 766 1524 xlij.
775 1475 849 1526 quer·
894 1461 963 1514 mino
973 1479 1051 1532 pepe,
1058 1467 1118 1532 regi,
1130 1470 1323 1536 archiepiscopo,
1333 1489 1392 1524 con-

348 1540 410 1588 teris
429 1535 504 1600 ordei,
522 1539 594 1606 pretii
618 1540 676 1604 cxij.
694 1541 848 1599 solidorum
893 1543 1028 1607 ceduntur;
1052 1549 1085 1598 ed
1105 1563 1227 1614 expensas
1247 1560 1391 1616 procurato.

348 1613 415 1680 item,
426 1619 548 1670 decimum
558 1611 633 1682 lenm,
649 1615 766 1684 ponderis
778 1617 849 1684 qussi
892 1637 947 1671 rum
976 1615 1034 1675 cieri
1062 1627 1094 1676 sd
1121 1627 1329 1693 parliamentum
1359 1633 1391 1682 sd

349 1699 422 1750 nnius
442 1713 522 1751 secem
542 1704 567 1752 et
587 1696 707 1762 dimidie,
729 1697 802 1766 pretii
825 1711 847 1750 o.
891 1715 1014 1764 expensos
1026 1703 1189 1756 cardinalium
1201 1715 1226 1758 et
1241 1709 1385 1761 nostorum

348 1777 501 1842 solidorum
530 1781 592 1832 item
619 1779 741 1832 decimum
769 1793 846 1844 ogno-
892 1781 986 1830 domini
999 1797 1072 1846 pspss
1087 1781 1229 1852 innuptis.
1265 1787 1329 1850 Qus
1346 1805 1390 1842 cx·

347 1873 411 1920 rum.
422 1860 494 1925 qussi
506 1861 562 1912 rin.
575 1875 653 1927 sgnos
666 1869 692 1912 et
708 1861 786 1925 pelles
803 1876 847 1910 sn-
890 1873 974 1922 penses
991 1859 1054 1912 forte
1070 1863 1155 1927 sliquc
1175 1879 1241 1918 suno
1259 1869 1292 1918 cd
1310 1868 1389 1920 dictos

347 1939 450 2000 nusum,
467 1939 540 2004 pretii
560 1939 596 2004 iij.
613 1941 753 2000 librarum
778 1937 845 2001 item,
891 1933 1030 1990 xistum
1047 1949 1072 1992 et
1088 1940 1149 2007 xvij.
1165 1945 1278 1996 denarios
1295 1955 1321 1996 et
1337 1963 1389 1997 sm-

348 2011 392 2080 xii.
424 2031 540 2082 copones,
568 2019 615 2082 xij.
644 2033 718 2069 sucus
745 2025 770 2069 et
798 2011 843 2080 xit.
890 2016 955 2080 plius
973 2019 1146 2072 extenduntur.
1181 2023 1321 2074 Onersmur
1342 2025 1389 2076 ite-

346 2095 462 2161 gunnas
490 2097 563 2162 pretii
585 2096 630 2161 rii.
653 2096 789 2148 solidorum
810 2097 845 2159 vj.
890 2097 1198 2164 quesumtsnntionem,
1206 2103 1386 2167 reparationem

347 2177 524 2238 dmriorumt
549 2177 618 2240 iteum
640 2178 677 2228 lx.
700 2177 782 2241 pullos
803 2191 845 2227 oo·
888 2182 914 2224 st
924 2177 1118 2241 renotationem,
1125 2182 1300 2246 sacellorum,
1311 2183 1387 2234 libro-

348 2255 488 2306 lumborum
509 2265 534 2309 et
558 2273 624 2309 cccc.
648 2272 704 2318 ovs,
726 2256 800 2320 pretii
819 2273 844 2306 r.
889 2268 953 2316 rum,
963 2256 1167 2308 vestimentorum
1183 2267 1209 2310 et
1224 2261 1331 2312 eliorum
1347 2279 1387 2313 or-

347 2331 489 2387 solidomm.
523 2329 626 2388 Summa
643 2338 674 2386 de
690 2335 844 2401 Ksynghsm
888 2340 1068 2398 numerorum,
1077 2336 1201 2387 dicturum
1212 2339 1384 2402 ecclesiarum

347 2411 400 2480 xxj.
420 2415 501 2478 libres,
522 2411 566 2480 iiij.
589 2413 671 2476 solidi,
687 2416 722 2478 vj.
740 2412 844 2467 denarii.
889 2427 919 2462 so
930 2411 1047 2466 etismsd
1063 2415 1270 2469 sustentationem
1281 2427 1387 2485 etrepa-

347 2493 451 2546 snmus
487 2495 572 2546 totniis
611 2495 772 2546 ecclesiarum
812 2498 843 2546 dc
888 2493 1008 2544 tutionem
1026 2496 1187 2548 tectoriorum
1203 2498 1325 2550 dicturum
1344 2515 1385 2551 ec·

346 2572 453 2638 styps,
470 2575 616 2642 iisyngtons
635 2583 660 2626 et
679 2575 841 2640 Ksynghsm
888 2572 1027 2638 clesiurum,
1037 2582 1063 2626 et
1073 2576 1179 2628 aliorum
1190 2594 1292 2630 onerum
1303 2588 1386 2632 extro·

346 2653 418 2704 lm.
430 2653 509 2716 libre,
525 2655 578 2717 xvj,
596 2655 678 2718 soiidi,
694 2671 720 2704 x.
737 2653 842 2706 denarii.
889 2653 1072 2705 ordinariorum
1088 2672 1296 2725 quorumcunque
1315 2660 1389 2710 dictis

346 2731 441 2784 Contra
452 2747 528 2798 quum
538 2745 670 2798 summurn,
681 2741 707 2784 et
717 2729 748 2784 tie
763 2739 788 2785 et
799 2749 844 2800 pro
888 2731 1000 2784 ecclesiis
1012 2740 1037 2784 et
1046 2736 1160 2787 neonis
1176 2737 1383 2790 incumbentium.

345 2813 401 2876 ipss
415 2824 520 2874 mmms,
538 2827 585 2864 nos
603 2813 724 2864 solvimus
741 2825 786 2878 pro
803 2827 844 2864 sc·
888 2811 1035 2863 litfirmstii
1046 2815 1096 2865 slis
1106 2827 1184 2867 onere
1195 2818 1321 2869 ordinetis
1335 2821 1388 2869 dic-

345 2892 844 2958 elesisdeSisypsecspituloEborsceusi
888 2897 970 2942 turum
994 2893 1157 2944 eeclesiarum
1184 2901 1301 2951 tenentur
1328 2915 1387 2964 sup-

346 2972 392 3036 liij.
421 2973 522 3033 solidos,
547 2971 592 3036 iiii.
616 2974 737 3027 denurms
769 2975 844 3038 Item,
888 2979 995 3035 portare.
1028 2972 1125 3024 Proeter
1150 2965 1318 3038 hec'sutem,
1341 2993 1388 3042 pro

345 3051 521 3102 archidiacono
537 3050 602 3116 xiiij.
619 3053 720 3116 solidos,
735 3054 781 3118 iiij
802 3057 845 3108 αθ.
887 3051 996 3100 licentiis
1015 3051 1093 3116 regiis
1112 3059 1137 3103 et
1154 3053 1344 3120 archiepiscopi,
1361 3067 1386 3109 et

345 3128 437 3183 numos.
469 3132 536 3182 Item
546 3126 842 3186 sbbstiAibemsrliaexl.
888 3129 1003 3194 expensis
1015 3127 1083 3180 ciros
1093 3133 1322 3196 appropriationem
1333 3134 1385 3187 dic-

345 3207 444 3262 solidos.
477 3206 542 3264 Item
569 3209 703 3277 preposito
724 3207 844 3264 Beverlse
888 3207 1185 3262 nrumeeelesismmoe
1199 3213 1345 3280 lisyngtons
1362 3225 1388 3268 et

346 3290 420 3352 censi,
442 3307 488 3356 pro
516 3288 615 3356 Skypse
637 3299 662 3342 et
689 3293 844 3358 lisyngtons,
888 3287 1048 3354 Kcynghm
1082 3295 1108 3340 et
1139 3304 1185 3354 pro
1218 3291 1382 3356 pensionibus

301 3416 304 3428 ,
345 3365 475 3434 mogins
491 3376 516 3421 et
532 3367 576 3434 vij.
593 3371 730 3436 quarterios
747 3389 843 3438 svenae,
888 3363 984 3430 annuis,
1006 3365 1132 3432 videlicet,
1155 3369 1231 3434 ooliij.
1255 3371 1334 3435 libuit,
1352 3373 1386 3438 vj.

343 3449 415 3515 pretii
427 3447 479 3513 viij.
491 3445 611 3500 librarum
627 3458 652 3501 et
669 3450 733 3516 xiiij.
747 3455 843 3506 solino·
889 3445 982 3510 solidis,
999 3445 1054 3509 viij.
1072 3449 1189 3512 mnaso,
1209 3449 1331 3502 mnemon
1356 3455 1389 3504 od

345 3545 408 3579 rum.
441 3526 678 3594 itemprodusbus
686 3533 843 3586 centuriisde
888 3527 1023 3578 terminum
1039 3525 1097 3578 vite
1111 3527 1269 3580 dominorum
1285 3531 1387 3583 Johsn-

342 3605 494 3674 Wynestede
505 3615 531 3659 et
539 3601 697 3670 Fowlstotre,
708 3611 743 3675 vj.
755 3611 842 3678 libres,
887 3604 927 3656 115³
954 3604 986 3657 de
1011 3603 1179 3673 0⁰th
1206 3607 1324 3676 Hugonis
1355 3613 1386 3662 de

343 3680 397 3750 nvi.
419 3685 521 3750 solidos,
537 3683 590 3751 viij.
611 3688 732 3741 denarios.
767 3689 842 3756 Item,
889 3683 1069 3752 Gunumvyfls
1085 3695 1110 3737 st
1126 3685 1250 3739 Wiilelmi
1270 3691 1301 3740 de
1317 3689 1387 3742 Bro-

341 3781 386 3830 pro
402 3763 572 3817 satisfactione
590 3773 698 3819 extentes
714 3769 839 3834 plenarie
887 3763 1006 3832 helesby,
1029 3781 1060 3816 no
1087 3766 1163 3816 etiam
1190 3766 1217 3816 in
1240 3767 1388 3822 venditione

343 3861 389 3910 pro
410 3845 534 3898 escsmbio
553 3843 584 3898 de
595 3849 703 3912 Mytons
721 3856 746 3900 et
763 3851 843 3916 Wyk,
887 3843 1002 3896 lanarum
1019 3849 1161 3895 nostrerum
1176 3841 1216 3896 “et
1233 3847 1340 3899 manerii
1356 3852 1387 3902 de

343 3925 426 3989 mii.
438 3925 522 3988 libres,
541 3923 605 3990 xiiij.
624 3925 726 3992 solidos,
745 3929 784 3980 ix.
800 3931 843 3982 de-
887 3919 1007 3976 Suttons'
1023 3939 1074 3988 prm
1093 3921 1232 3990 munibusf,
1243 3927 1387 3980 venditione

343 4003 434 4056 uarios.
479 4000 582 4057 Summe
602 4005 750 4072 excipienda
778 4009 841 4074 xlvj.
885 4018 936 4068 prae
953 4001 1069 4054 monibus
1091 4001 1170 4054 flrmse
1190 4005 1221 4055 de
1235 4005 1385 4072 Weilehow,

343 4083 421 4142 lnbrae,
432 4100 475 4134 xv.
486 4081 567 4146 solidi,
578 4101 602 4136 v.
620 4083 722 4138 denarii.
756 4087 790 4138 Et
804 4089 842 4140 sio
885 4079 1056 4134 insufflatione
1073 4089 1099 4134 et
1114 4081 1262 4135 dimissione
1279 4087 1385 4137 manerii

343 4172 454 4215 remmet
480 4162 563 4216 clerus
584 4165 656 4216 vulor
678 4173 703 4217 et
728 4176 841 4234 receptus
886 4163 918 4214 de
941 4159 1055 4229 Skyrens
1076 4177 1134 4212 cum
1156 4163 1317 4227 pertinentiis
1339 4165 1385 4216 Jo-

343 4241 465 4294 dictsrum
498 4245 574 4296 trium
601 4245 763 4298 ecclesiarum
791 4247 842 4300 hiis
885 4241 964 4294 hunni
986 4241 1017 4293 de
1038 4239 1232 4308 Laysyngcroit,
1254 4243 1332 4295 Petro
1355 4247 1386 4295 de

340 4322 426 4374 diebtss
437 4323 491 4375 xix.
503 4323 580 4386 libre,
593 4324 652 4376 xvii.
664 4327 768 4392 denarii,
785 4337 842 4379 tsn-
884 4319 977 4374 Bowth
988 4325 1013 4372 et
1024 4317 1125 4372 domino
1136 4322 1250 4373 Roberto
1267 4323 1298 4373 de
1315 4323 1383 4389 Hyl-

343 4409 403 4454 tum.
437 4402 478 4453 De
494 4419 543 4468 qus
559 4403 660 4468 quidem
680 4421 777 4457 summa
796 4423 841 4457 an.
885 4399 1387 4464 tons,militi,‘etfirmaedewellehore

343 4497 393 4534 nus
408 4497 539 4535 oneremur
555 4485 682 4535 numum
698 4485 731 4536 ud
748 4495 841 4538 sectam
886 4484 953 4534 sun
975 4487 1001 4532 et
1021 4480 1135 4531 Jonmni
1154 4479 1277 4546 Tyrtrbyt
1294 4485 1320 4531 et
1337 4483 1384 4533 Bi-

342 4564 432 4629 synodi
448 4563 611 4614 Eborscensis
627 4563 666 4614 bis
683 4564 709 4614 in
723 4579 797 4627 enno,
808 4567 839 4617 sd
885 4561 1114 4622 cmdodeHolmc;
1127 4558 1271 4610 dimissione
1280 4561 1386 4611 manerii

341 4643 507 4708 receptionem
521 4643 699 4710 archiepiscopi
718 4643 841 4698 visitantis
885 4643 918 4693 de
932 4639 1121 4694 Gunnermersk
1137 4637 1246 4689 Ricardc
1263 4645 1300 4690 stt
1318 4637 1382 4705 See,'

342 4723 451 4788 quolibet
476 4722 549 4775 tertio
570 4739 653 4786 snn03
676 4725 709 4775 sd
730 4723 838 4778 decimus
886 4720 1030 4773 dimissione
1041 4717 1145 4769 mmerii
1156 4717 1384 4786 deOrsunsewyke

342 4809 463 4865 dicturum
484 4809 652 4870 ecclesiarum,
674 4807 771 4872 quoties
798 4813 842 4862 do-
886 4801 1286 4866 dominoWiilelmodeDsltone,
1294 4811 1385 4860 rectori

1193 4894 1260 4956 02
