3578 5874
466 869 531 933 258
697 879 837 931 raonis
861 877 967 930 nanas
990 880 1108 932 nouus
1129 879 1290 929 nacmus.

298 1065 367 1118 Am.
383 1069 446 1116 ¹³⁹6
468 1057 549 1122 dicti
583 1057 708 1122 domini
742 1056 834 1122 ducis
872 1057 1093 1143 interemptio,
1130 1077 1205 1120 oum
1236 1053 1311 1118 aliis
1345 1053 1522 1140 adjunctis,

298 1139 390 1186 ⁴³⁹⁹·
468 1160 571 1246 ipsius
604 1159 691 1246 regis
723 1159 857 1224 Ricardi
879 1159 1012 1224 finalem
1036 1157 1282 1223 subversionem
1305 1157 1439 1243 penitus
1472 1156 1523 1219 in-

468 1263 601 1340 vitavit,
647 1261 734 1326 sicut
778 1263 814 1325 in
852 1261 990 1326 cronicis
1036 1261 1077 1326 de
1122 1258 1312 1344 hujusmodi
1356 1257 1523 1324 contextis

467 1364 599 1450 plenius
630 1363 826 1428 continetur.
874 1362 948 1442 Sed,
984 1362 1063 1448 quia
1093 1362 1135 1426 de
1172 1361 1296 1427 talibus
1332 1360 1428 1426 nobis
1454 1379 1522 1423 non

468 1466 614 1552 pertinet
648 1465 838 1551 disceptare,
867 1465 910 1529 ed
948 1463 1014 1529 alia
1051 1461 1277 1549 prosequendo
1314 1461 1520 1547 quamtocius

470 1566 685 1653 pertransibo.

471 1808 542 1894 [V.]
568 1807 617 1874 De
640 1807 817 1874 discordia
832 1807 926 1874 tator
949 1808 1100 1876 abbatem
1123 1815 1153 1874 et
1175 1815 1376 1876 conventam
1399 1813 1523 1885 coorto,

759 1932 917 1998 precamen
938 1911 1059 1997 ipsias,
1083 1917 1112 1976 et
1135 1911 1227 1976 attia.

304 2064 453 2130 Apartyin
517 2051 659 2130 Interea,
682 2051 894 2138 serpensille
917 2053 1083 2137 antiquus,
1107 2073 1272 2117 venenum
1295 2072 1363 2117 suae
1385 2049 1522 2114 malitiae

304 2131 570 2261 {fflffllonge
604 2155 737 2238 lateque
772 2154 973 2240 dispergens,
997 2159 1038 2218 ut
1071 2159 1301 2240 praeassuetus,
1325 2152 1524 2240 cupiensque

304 2263 442 2314 theabbot.
471 2255 558 2341 ipsos
581 2256 684 2321 socios
707 2277 814 2340 poenae
829 2277 897 2321 suae
921 2257 1060 2321 existere
1079 2252 1158 2322 ‘ac'
1181 2262 1333 2342 satagens
1348 2255 1524 2341 captivare,

472 2378 553 2442 quos
576 2363 615 2422 ut
648 2357 771 2442 primos
804 2361 966 2443 parentes,
1000 2358 1037 2421 in
1060 2357 1214 2444 angelum
1248 2357 1329 2422 lucis
1360 2377 1394 2423 se
1417 2363 1524 2421 trans-

472 2459 626 2543 figurans,
645 2459 753 2544 ipsum
777 2458 902 2524 malum
925 2480 994 2524 esse
1016 2460 1141 2524 bonum
1159 2460 1288 2526 credere
1306 2458 1379 2544 jam
1394 2455 1524 2544 coegit.1

473 2559 643 2624 Electione
665 2581 807 2645 namque
831 2560 913 2625 dicti
935 2561 1062 2626 domini
1077 2561 1211 2627 Thomas
1234 2561 1364 2626 Burton
1385 2559 1524 2636 abbatis,

473 2664 512 2725 ut
534 2661 760 2746 praemittitur,
783 2661 954 2741 celebrata,
978 2663 1113 2748 quidam
1136 2663 1313 2740 ambitiosi,
1335 2664 1444 2748 ipsum
1468 2659 1524 2724 do—

473 2763 601 2827 minum
623 2763 784 2828 Thomam
807 2765 961 2830 abbatem
984 2766 1052 2830 suis
1076 2765 1247 2831 desideriis
1269 2764 1524 2832 condescendere

472 2885 540 2929 non
562 2865 724 2945 videntes,
760 2867 917 2951 quosdam
949 2867 1163 2953 simpliciores
1194 2869 1238 2933 ad
1268 2871 1396 2954 partem
1430 2887 1522 2932 suam

305 2980 361 3030 The
373 2981 450 3031 abhoc
473 2965 733 3032 contentiosaml
747 2970 873 3054 pariter
887 2969 1081 3034 invitarunt.
1121 2969 1218 3046 Nam,
1233 2970 1304 3056 ipso
1320 2969 1356 3034 in
1370 2973 1525 3056 tempore,

305 3046 451 3164 ξξξῗξζὲζ
472 3069 613 3134 durante
629 3070 736 3135 adhuc
751 3070 926 3135 schismate
941 3071 1030 3134 inter
1046 3071 1253 3136 Bonifacium
1268 3093 1387 3158 papam
1401 3093 1525 3136 nonum

304 3177 440 3230 inmense
473 3177 508 3236 et
540 3172 723 3236 Rohertum
758 3173 837 3237 olim
871 3173 1014 3238 basilicae
1048 3173 1104 3258 xij.
1136 3173 1358 3258 apostolorum
1390 3174 1524 3259 presby-

305 3245 435 3295 adhereto
591 3271 604 3310 3
721 3276 727 3289 -
1112 3275 1118 3288 .
1332 3275 1339 3289 .

304 3311 347 3359 the
359 3313 424 3360 Μ,
472 3278 581 3339 terum
640 3274 848 3350 cardmalem,
887 3275 1011 3339 adtunc
1049 3280 1248 3360 antrpapam,
1284 3296 1342 3360 qur
1377 3296 1412 3339 se
1442 3296 1526 3339 ausu

303 3393 368 3440 1³⁰1>0
381 3377 438 3428 cle·
472 3375 629 3460 sacrilego
653 3375 856 3440 Clementem
879 3375 935 3460 vij.
960 3376 1159 3457 nominavit,
1182 3377 1284 3440 abhas
1308 3375 1457 3442 Cistercii
1490 3381 1525 3441 et

304 3450 374 3492 ment
386 3443 448 3494 VH‘
473 3499 585 3542 omnes
624 3475 743 3542 Franci
782 3478 871 3544 dicto
909 3480 1073 3565 antipapa
1118 3479 1272 3563 sseqffilef
1308 3479 1525 3545 adhaeserunl

304 3586 426 3666 Bonisana
473 3579 574 3644 Unde
601 3579 708 3644 dictus
742 3601 828 3667 papa
850 3580 1038 3646 Bonifacius
1060 3581 1113 3660 ix,
1137 3581 1343 3667 quorundam
1365 3581 1524 3646 abbatum

304 3653 450 3768 ffinffig,
474 3679 598 3744 ordinis
620 3681 726 3746 nostri
756 3681 792 3745 in
822 3703 924 3768 regno
946 3683 1078 3769 Angliae
1101 3683 1397 3770 supplicationibus
1431 3682 1525 3748 incli-

304 3785 409 3849 holding
474 3786 583 3859 natus,
605 3804 663 3868 per
697 3781 805 3848 bullas
829 3805 905 3848 suas
926 3785 1059 3870 papales
1082 3785 1241 3850 concessit
1263 3785 1360 3870 quod,
1383 3785 1525 3850 durante

304 3851 448 3980 {hffiffif
474 3882 663 3968 hujusmodi
695 3884 877 3962 schismate,
914 3885 955 3952 de
987 3887 1144 3972 Boxleya,
1180 3887 1379 3952 Stratfordia
1412 3891 1447 3952 et
1483 3887 1524 3951 de

305 3983 454 4060 thectster-
475 3983 607 4064 Gratiis,
630 3988 905 4052 monasteriorum
939 3987 1076 4053 abbates
1099 3988 1283 4076 capitulum
1305 3989 1456 4075 generale
1488 3989 1525 4060 in

305 4063 420 4165 iffi&
475 4088 673 4153 monasterio
697 4089 737 4154 de
762 4087 888 4154 Gratiis
905 4089 1003 4176 juxta
1028 4091 1148 4155 turrim
1164 4091 1427 4156 Londoniensem
1442 4113 1525 4177 prae·

475 4188 564 4254 dicto
598 4189 783 4272 celebrare,⁴
815 4213 853 4258 ac
884 4214 997 4258 omnes
1028 4197 1062 4257 et
1094 4193 1241 4279 singulos
1272 4193 1410 4258 abbates
1444 4193 1525 4259 dicti

473 4292 579 4356 nostri
613 4293 736 4357 ordinis
768 4293 803 4356 in
829 4316 930 4380 regno
953 4294 1093 4380 Angliae,
1117 4295 1247 4362 Walliae
1278 4299 1314 4360 et
1344 4296 1525 4381 Hybemiae

474 4393 633 4478 partibus,
657 4395 699 4459 ad
734 4395 859 4461 dictum
894 4396 1077 4481 capitulum
1107 4397 1258 4482 generale
1288 4419 1465 4464 convocare
1487 4419 1525 4462 ac

507 4623 514 4655 ¹
533 4625 589 4674 The
601 4633 718 4676 sentence
729 4624 751 4675 is
762 4625 899 4689 imperfect.
1058 4625 1423 4694 ³presbyteram]presbiterum
1435 4627 1461 4678 in
1469 4628 1525 4680 MS.

506 4701 718 4770 ποοηιειιείοεαηι]
740 4703 923 4756 contensiosam
948 4703 974 4753 in
1058 4706 1225 4772 ⁴eeletrare]
1256 4721 1272 4757 a
1296 4707 1434 4758 correction
1461 4707 1527 4757 hom

473 4780 529 4831 MS.
1025 4801 1163 4848 conuocare,
1175 4785 1232 4837 MS.
