<?xml version="1.0" encoding="UTF-8"?>
<!DOCTYPE html PUBLIC "-//W3C//DTD XHTML 1.0 Transitional//EN"
    "http://www.w3.org/TR/xhtml1/DTD/xhtml1-transitional.dtd">
<html xmlns="http://www.w3.org/1999/xhtml" xml:lang="en" lang="en">
 <head>
  <title>
</title>
<meta http-equiv="Content-Type" content="text/html;charset=utf-8" />
  <meta name='ocr-system' content='tesseract 3.04.00' />
  <meta name='ocr-capabilities' content='ocr_page ocr_carea ocr_par ocr_line ocrx_word'/>
</head>
<body>
  <div class='ocr_page' id='page_1' title='image "./chronicamonaste01thomgoog_0262.png"; bbox 0 0 3614 5888; ppageno 0'>
   <div class='ocr_carea' id='block_1_1' title="bbox 444 871 1293 935">
    <p class='ocr_par' dir='ltr' id='par_1_1' title="bbox 444 871 1293 935">
     <span class='ocr_line' id='line_1_1' title="bbox 444 871 1293 935; baseline -0.005 -1"><span class='ocrx_word' id='word_1_1' title='bbox 444 871 508 935; x_wconf 88' lang='lat'><strong>150</strong></span> <span class='ocrx_word' id='word_1_2' title='bbox 643 883 823 935; x_wconf 80' lang='lat' dir='ltr'><strong>sosuaros</strong></span> <span class='ocrx_word' id='word_1_3' title='bbox 845 880 955 932; x_wconf 70' lang='lat' dir='ltr'><strong>rems</strong></span> <span class='ocrx_word' id='word_1_4' title='bbox 976 879 1107 932; x_wconf 73' lang='lat' dir='ltr'><strong>curros</strong></span> <span class='ocrx_word' id='word_1_5' title='bbox 1128 879 1293 932; x_wconf 83' lang='lat' dir='ltr'><strong>nncnros.</strong></span> 
     </span>
    </p>
   </div>
   <div class='ocr_carea' id='block_1_2' title="bbox 276 1051 1516 4521">
    <p class='ocr_par' dir='ltr' id='par_1_2' title="bbox 276 1051 1516 4521">
     <span class='ocr_line' id='line_1_2' title="bbox 276 1051 1493 1139; baseline -0.003 -17"><span class='ocrx_word' id='word_1_6' title='bbox 276 1071 344 1122; x_wconf 67' lang='lat' dir='ltr'><strong>al).</strong></span> <span class='ocrx_word' id='word_1_7' title='bbox 359 1073 422 1120; x_wconf 75' lang='lat' dir='ltr'><strong>rasa</strong></span> <span class='ocrx_word' id='word_1_8' title='bbox 443 1058 559 1122; x_wconf 84' lang='lat' dir='ltr'><strong>missis.</strong></span> <span class='ocrx_word' id='word_1_9' title='bbox 608 1058 715 1136; x_wconf 86' lang='lat' dir='ltr'><strong>Unde,</strong></span> <span class='ocrx_word' id='word_1_10' title='bbox 739 1059 860 1124; x_wconf 86' lang='lat' dir='ltr'><strong>abbate</strong></span> <span class='ocrx_word' id='word_1_11' title='bbox 891 1063 1004 1123; x_wconf 89' lang='lat' dir='ltr'><strong>nostro</strong></span> <span class='ocrx_word' id='word_1_12' title='bbox 1038 1077 1147 1120; x_wconf 91' lang='lat' dir='ltr'><strong>coram</strong></span> <span class='ocrx_word' id='word_1_13' title='bbox 1170 1055 1268 1120; x_wconf 88' lang='lat' dir='ltr'><strong>dictis</strong></span> <span class='ocrx_word' id='word_1_14' title='bbox 1297 1051 1493 1139; x_wconf 79' lang='lat' dir='ltr'><strong>justitiariis</strong></span> 
     </span>
     <span class='ocr_line' id='line_1_3' title="bbox 276 1141 1492 1267; baseline -0.003 -43"><span class='ocrx_word' id='word_1_15' title='bbox 276 1141 369 1267; x_wconf 53' lang='lat' dir='ltr'><strong>Effin</strong></span> <span class='ocrx_word' id='word_1_16' title='bbox 399 1215 429 1265; x_wconf 78' lang='lat' dir='ltr'><strong>or</strong></span> <span class='ocrx_word' id='word_1_17' title='bbox 443 1159 669 1246; x_wconf 78' lang='lat' dir='ltr'><strong>respondente,</strong></span> <span class='ocrx_word' id='word_1_18' title='bbox 688 1161 794 1246; x_wconf 85' lang='lat' dir='ltr'><strong>jurati</strong></span> <span class='ocrx_word' id='word_1_19' title='bbox 824 1181 920 1246; x_wconf 89' lang='lat' dir='ltr'><strong>super</strong></span> <span class='ocrx_word' id='word_1_20' title='bbox 949 1167 1191 1224; x_wconf 89' lang='lat' dir='ltr'><strong>sacramentum</strong></span> <span class='ocrx_word' id='word_1_21' title='bbox 1215 1177 1311 1222; x_wconf 87' lang='lat' dir='ltr'><strong>suum</strong></span> <span class='ocrx_word' id='word_1_22' title='bbox 1333 1157 1492 1222; x_wconf 85' lang='lat' dir='ltr'><strong>dixerunt</strong></span> 
     </span>
     <span class='ocr_line' id='line_1_4' title="bbox 280 1234 1492 1351; baseline -0.009 -17"><span class='ocrx_word' id='word_1_23' title='bbox 280 1234 398 1348; x_wconf 54' lang='lat' dir='ltr'><strong>thejuri.</strong></span> <span class='ocrx_word' id='word_1_24' title='bbox 444 1263 539 1351; x_wconf 88' lang='lat' dir='ltr'><strong>quod,</strong></span> <span class='ocrx_word' id='word_1_25' title='bbox 564 1264 673 1348; x_wconf 89' lang='lat' dir='ltr'><strong>quoad</strong></span> <span class='ocrx_word' id='word_1_26' title='bbox 706 1268 895 1328; x_wconf 81' lang='lat' dir='ltr'><strong>tenementa</strong></span> <span class='ocrx_word' id='word_1_27' title='bbox 925 1262 983 1325; x_wconf 90' lang='lat' dir='ltr'><strong>illa</strong></span> <span class='ocrx_word' id='word_1_28' title='bbox 1013 1261 1051 1325; x_wconf 89' lang='lat' dir='ltr'><strong>in</strong></span> <span class='ocrx_word' id='word_1_29' title='bbox 1080 1261 1241 1348; x_wconf 80' lang='lat' dir='ltr'><strong>Skyrena,</strong></span> <span class='ocrx_word' id='word_1_30' title='bbox 1265 1265 1345 1325; x_wconf 86' lang='lat' dir='ltr'><strong>sunt</strong></span> <span class='ocrx_word' id='word_1_31' title='bbox 1379 1259 1492 1324; x_wconf 90' lang='lat' dir='ltr'><strong>eadem</strong></span> 
     </span>
     <span class='ocr_line' id='line_1_5' title="bbox 445 1361 1492 1452; baseline -0.006 -20"><span class='ocrx_word' id='word_1_32' title='bbox 445 1371 635 1432; x_wconf 87' lang='lat' dir='ltr'><strong>tenementa</strong></span> <span class='ocrx_word' id='word_1_33' title='bbox 657 1388 731 1452; x_wconf 82' lang='lat' dir='ltr'><strong>quac</strong></span> <span class='ocrx_word' id='word_1_34' title='bbox 762 1364 1017 1431; x_wconf 86' lang='lat' dir='ltr'><strong>continebantur</strong></span> <span class='ocrx_word' id='word_1_35' title='bbox 1039 1365 1076 1428; x_wconf 87' lang='lat' dir='ltr'><strong>in</strong></span> <span class='ocrx_word' id='word_1_36' title='bbox 1101 1363 1225 1428; x_wconf 85' lang='lat' dir='ltr'><strong>litteris</strong></span> <span class='ocrx_word' id='word_1_37' title='bbox 1249 1362 1374 1428; x_wconf 89' lang='lat' dir='ltr'><strong>domini</strong></span> <span class='ocrx_word' id='word_1_38' title='bbox 1397 1361 1492 1448; x_wconf 88' lang='lat' dir='ltr'><strong>regis,</strong></span> 
     </span>
     <span class='ocr_line' id='line_1_6' title="bbox 445 1463 1493 1556; baseline -0.007 -22"><span class='ocrx_word' id='word_1_39' title='bbox 445 1491 503 1556; x_wconf 88' lang='lat' dir='ltr'><strong>per</strong></span> <span class='ocrx_word' id='word_1_40' title='bbox 526 1491 608 1554; x_wconf 88' lang='lat' dir='ltr'><strong>quas</strong></span> <span class='ocrx_word' id='word_1_41' title='bbox 630 1468 718 1533; x_wconf 90' lang='lat' dir='ltr'><strong>idem</strong></span> <span class='ocrx_word' id='word_1_42' title='bbox 741 1490 801 1533; x_wconf 86' lang='lat' dir='ltr'><strong>rex</strong></span> <span class='ocrx_word' id='word_1_43' title='bbox 823 1467 991 1533; x_wconf 76' lang='lat' dir='ltr'><strong>licentiam</strong></span> <span class='ocrx_word' id='word_1_44' title='bbox 1014 1466 1107 1531; x_wconf 89' lang='lat' dir='ltr'><strong>dedit</strong></span> <span class='ocrx_word' id='word_1_45' title='bbox 1122 1465 1251 1531; x_wconf 86' lang='lat' dir='ltr'><strong>Simoni</strong></span> <span class='ocrx_word' id='word_1_46' title='bbox 1273 1465 1315 1530; x_wconf 91' lang='lat' dir='ltr'><strong>de</strong></span> <span class='ocrx_word' id='word_1_47' title='bbox 1330 1463 1493 1529; x_wconf 86' lang='lat' dir='ltr'><strong>Northor-</strong></span> 
     </span>
     <span class='ocr_line' id='line_1_7' title="bbox 445 1568 1492 1658; baseline -0.004 -24"><span class='ocrx_word' id='word_1_48' title='bbox 445 1572 502 1658; x_wconf 89' lang='lat' dir='ltr'><strong>pia</strong></span> <span class='ocrx_word' id='word_1_49' title='bbox 522 1571 682 1658; x_wconf 86' lang='lat' dir='ltr'><strong>praedicto</strong></span> <span class='ocrx_word' id='word_1_50' title='bbox 706 1571 794 1657; x_wconf 89' lang='lat' dir='ltr'><strong>quod</strong></span> <span class='ocrx_word' id='word_1_51' title='bbox 812 1571 882 1657; x_wconf 90' lang='lat' dir='ltr'><strong>ipse</strong></span> <span class='ocrx_word' id='word_1_52' title='bbox 902 1591 1009 1634; x_wconf 89' lang='lat' dir='ltr'><strong>unum·</strong></span> <span class='ocrx_word' id='word_1_53' title='bbox 1027 1568 1233 1655; x_wconf 78' lang='lat' dir='ltr'><strong>mesuagium</strong></span> <span class='ocrx_word' id='word_1_54' title='bbox 1253 1572 1288 1634; x_wconf 88' lang='lat' dir='ltr'><strong>ot</strong></span> <span class='ocrx_word' id='word_1_55' title='bbox 1310 1570 1332 1631; x_wconf 77' lang='lat'><em>4</em></span> <span class='ocrx_word' id='word_1_56' title='bbox 1354 1568 1492 1633; x_wconf 86' lang='lat' dir='ltr'><strong>bovatas</strong></span> 
     </span>
     <span class='ocr_line' id='line_1_8' title="bbox 445 1670 1493 1760; baseline -0.005 -21"><span class='ocrx_word' id='word_1_57' title='bbox 445 1681 551 1753; x_wconf 74' lang='lat' dir='ltr'><strong>terrm,</strong></span> <span class='ocrx_word' id='word_1_58' title='bbox 575 1695 648 1738; x_wconf 91' lang='lat' dir='ltr'><strong>cum</strong></span> <span class='ocrx_word' id='word_1_59' title='bbox 671 1674 890 1760; x_wconf 75' lang='lat' dir='ltr'><strong>pertinentiis,</strong></span> <span class='ocrx_word' id='word_1_60' title='bbox 914 1673 951 1736; x_wconf 91' lang='lat' dir='ltr'><strong>in</strong></span> <span class='ocrx_word' id='word_1_61' title='bbox 974 1671 1135 1757; x_wconf 83' lang='lat' dir='ltr'><strong>Skyrenn,</strong></span> <span class='ocrx_word' id='word_1_62' title='bbox 1159 1670 1255 1735; x_wconf 87' lang='lat' dir='ltr'><strong>nobis</strong></span> <span class='ocrx_word' id='word_1_63' title='bbox 1283 1670 1362 1736; x_wconf 82' lang='lat' dir='ltr'><strong>dara</strong></span> <span class='ocrx_word' id='word_1_64' title='bbox 1383 1675 1493 1755; x_wconf 84' lang='lat' dir='ltr'><strong>posset</strong></span> 
     </span>
     <span class='ocr_line' id='line_1_9' title="bbox 447 1771 1516 1862; baseline -0.006 -22"><span class='ocrx_word' id='word_1_65' title='bbox 447 1781 481 1840; x_wconf 87' lang='lat' dir='ltr'><strong>et</strong></span> <span class='ocrx_word' id='word_1_66' title='bbox 502 1776 676 1862; x_wconf 85' lang='lat' dir='ltr'><strong>assignare,</strong></span> <span class='ocrx_word' id='word_1_67' title='bbox 701 1775 845 1849; x_wconf 88' lang='lat' dir='ltr'><strong>tenenda</strong></span> <span class='ocrx_word' id='word_1_68' title='bbox 876 1773 972 1840; x_wconf 90' lang='lat' dir='ltr'><strong>nobis</strong></span> <span class='ocrx_word' id='word_1_69' title='bbox 1003 1774 1257 1859; x_wconf 88' lang='lat' dir='ltr'><strong>imperpetuum,</strong></span> <span class='ocrx_word' id='word_1_70' title='bbox 1282 1772 1319 1836; x_wconf 88' lang='lat' dir='ltr'><strong>in</strong></span> <span class='ocrx_word' id='word_1_71' title='bbox 1347 1771 1516 1856; x_wconf 86' lang='lat' dir='ltr'><strong>valorem</strong></span> 
     </span>
     <span class='ocr_line' id='line_1_10' title="bbox 447 1873 1493 1963; baseline -0.007 -20"><span class='ocrx_word' id='word_1_72' title='bbox 447 1881 490 1943; x_wconf 77' lang='lat'><strong>40</strong></span> <span class='ocrx_word' id='word_1_73' title='bbox 513 1877 703 1958; x_wconf 87' lang='lat' dir='ltr'><strong>solidorum,</strong></span> <span class='ocrx_word' id='word_1_74' title='bbox 726 1879 764 1942; x_wconf 89' lang='lat' dir='ltr'><strong>in</strong></span> <span class='ocrx_word' id='word_1_75' title='bbox 797 1881 925 1963; x_wconf 88' lang='lat' dir='ltr'><strong>partem</strong></span> <span class='ocrx_word' id='word_1_76' title='bbox 956 1875 1190 1940; x_wconf 77' lang='lat' dir='ltr'><strong>satisfactionis</strong></span> <span class='ocrx_word' id='word_1_77' title='bbox 1225 1878 1268 1939; x_wconf 78' lang='lat'><strong>20</strong></span> <span class='ocrx_word' id='word_1_78' title='bbox 1300 1873 1493 1939; x_wconf 87' lang='lat' dir='ltr'><strong>libratarum</strong></span> 
     </span>
     <span class='ocr_line' id='line_1_11' title="bbox 445 1977 1493 2064; baseline -0.006 -18"><span class='ocrx_word' id='word_1_79' title='bbox 445 1987 609 2046; x_wconf 86' lang='lat' dir='ltr'><strong>terrarum</strong></span> <span class='ocrx_word' id='word_1_80' title='bbox 624 1987 659 2047; x_wconf 85' lang='lat' dir='ltr'><strong>et</strong></span> <span class='ocrx_word' id='word_1_81' title='bbox 681 1985 945 2046; x_wconf 89' lang='lat' dir='ltr'><strong>tenementorum</strong></span> <span class='ocrx_word' id='word_1_82' title='bbox 968 1979 1063 2044; x_wconf 92' lang='lat' dir='ltr'><strong>nobis</strong></span> <span class='ocrx_word' id='word_1_83' title='bbox 1085 1999 1144 2064; x_wconf 89' lang='lat' dir='ltr'><strong>per</strong></span> <span class='ocrx_word' id='word_1_84' title='bbox 1159 1977 1362 2042; x_wconf 84' lang='lat' dir='ltr'><strong>Edwardum</strong></span> <span class='ocrx_word' id='word_1_85' title='bbox 1384 1997 1493 2063; x_wconf 85' lang='lat' dir='ltr'><strong>regem</strong></span> 
     </span>
     <span class='ocr_line' id='line_1_12' title="bbox 280 2079 1494 2170; baseline -0.007 -20"><span class='ocrx_word' id='word_1_86' title='bbox 280 2100 390 2150; x_wconf 76' lang='lat' dir='ltr'><strong>tusc.</strong></span> <span class='ocrx_word' id='word_1_87' title='bbox 444 2083 588 2170; x_wconf 90' lang='lat' dir='ltr'><strong>primum</strong></span> <span class='ocrx_word' id='word_1_88' title='bbox 622 2088 696 2170; x_wconf 87' lang='lat' dir='ltr'><strong>post</strong></span> <span class='ocrx_word' id='word_1_89' title='bbox 727 2087 952 2168; x_wconf 79' lang='lat' dir='ltr'><strong>conquaestum</strong></span> <span class='ocrx_word' id='word_1_90' title='bbox 986 2081 1029 2145; x_wconf 89' lang='lat' dir='ltr'><strong>ad</strong></span> <span class='ocrx_word' id='word_1_91' title='bbox 1060 2080 1315 2168; x_wconf 88' lang='lat' dir='ltr'><strong>perquirendum</strong></span> <span class='ocrx_word' id='word_1_92' title='bbox 1347 2079 1494 2145; x_wconf 75' lang='lat' dir='ltr'><strong>licentia</strong></span> 
     </span>
     <span class='ocr_line' id='line_1_13' title="bbox 445 2181 1495 2270; baseline -0.006 -20"><span class='ocrx_word' id='word_1_93' title='bbox 445 2191 575 2265; x_wconf 90' lang='lat' dir='ltr'><strong>torum;</strong></span> <span class='ocrx_word' id='word_1_94' title='bbox 615 2189 648 2249; x_wconf 89' lang='lat' dir='ltr'><strong>ct</strong></span> <span class='ocrx_word' id='word_1_95' title='bbox 683 2186 770 2270; x_wconf 93' lang='lat' dir='ltr'><strong>quod</strong></span> <span class='ocrx_word' id='word_1_96' title='bbox 795 2185 908 2249; x_wconf 89' lang='lat' dir='ltr'><strong>eadem</strong></span> <span class='ocrx_word' id='word_1_97' title='bbox 941 2187 1133 2248; x_wconf 86' lang='lat' dir='ltr'><strong>tenementa</strong></span> <span class='ocrx_word' id='word_1_98' title='bbox 1166 2183 1328 2269; x_wconf 88' lang='lat' dir='ltr'><strong>acquisita</strong></span> <span class='ocrx_word' id='word_1_99' title='bbox 1360 2181 1495 2246; x_wconf 89' lang='lat' dir='ltr'><strong>fuerunt</strong></span> 
     </span>
     <span class='ocr_line' id='line_1_14' title="bbox 445 2285 1493 2373; baseline -0.004 -21"><span class='ocrx_word' id='word_1_100' title='bbox 445 2289 554 2352; x_wconf 52' lang='lat' dir='ltr'><strong>‘tam&#39;</strong></span> <span class='ocrx_word' id='word_1_101' title='bbox 578 2310 636 2373; x_wconf 89' lang='lat' dir='ltr'><strong>per</strong></span> <span class='ocrx_word' id='word_1_102' title='bbox 658 2287 827 2352; x_wconf 90' lang='lat' dir='ltr'><strong>licentiam</strong></span> <span class='ocrx_word' id='word_1_103' title='bbox 851 2287 1059 2350; x_wconf 88' lang='lat' dir='ltr'><strong>dominorum</strong></span> <span class='ocrx_word' id='word_1_104' title='bbox 1082 2285 1171 2350; x_wconf 84' lang='lat' dir='ltr'><strong>feodi</strong></span> <span class='ocrx_word' id='word_1_105' title='bbox 1194 2307 1293 2370; x_wconf 85' lang='lat' dir='ltr'><strong>quam</strong></span> <span class='ocrx_word' id='word_1_106' title='bbox 1315 2306 1374 2371; x_wconf 88' lang='lat' dir='ltr'><strong>per</strong></span> <span class='ocrx_word' id='word_1_107' title='bbox 1395 2285 1493 2349; x_wconf 81' lang='lat' dir='ltr'><strong>licen-</strong></span> 
     </span>
     <span class='ocr_line' id='line_1_15' title="bbox 445 2386 1494 2475; baseline -0.003 -22"><span class='ocrx_word' id='word_1_108' title='bbox 445 2390 529 2454; x_wconf 85' lang='lat' dir='ltr'><strong>tiam</strong></span> <span class='ocrx_word' id='word_1_109' title='bbox 561 2390 656 2475; x_wconf 77' lang='lat' dir='ltr'><strong>regis,</strong></span> <span class='ocrx_word' id='word_1_110' title='bbox 703 2390 757 2468; x_wconf 90' lang='lat' dir='ltr'><strong>Et,</strong></span> <span class='ocrx_word' id='word_1_111' title='bbox 780 2389 888 2474; x_wconf 89' lang='lat' dir='ltr'><strong>quoad</strong></span> <span class='ocrx_word' id='word_1_112' title='bbox 921 2392 1111 2452; x_wconf 88' lang='lat' dir='ltr'><strong>tenementa</strong></span> <span class='ocrx_word' id='word_1_113' title='bbox 1141 2387 1200 2451; x_wconf 79' lang='lat' dir='ltr'><strong>iiia</strong></span> <span class='ocrx_word' id='word_1_114' title='bbox 1230 2388 1268 2451; x_wconf 89' lang='lat' dir='ltr'><strong>in</strong></span> <span class='ocrx_word' id='word_1_115' title='bbox 1290 2386 1494 2464; x_wconf 83' lang='lat' dir='ltr'><strong>Wharrcma,</strong></span> 
     </span>
     <span class='ocr_line' id='line_1_16' title="bbox 448 2487 1494 2577; baseline -0.004 -21"><span class='ocrx_word' id='word_1_116' title='bbox 448 2492 606 2556; x_wconf 87' lang='lat' dir='ltr'><strong>dixerunt</strong></span> <span class='ocrx_word' id='word_1_117' title='bbox 630 2491 718 2576; x_wconf 91' lang='lat' dir='ltr'><strong>quod</strong></span> <span class='ocrx_word' id='word_1_118' title='bbox 741 2511 801 2554; x_wconf 92' lang='lat' dir='ltr'><strong>nos</strong></span> <span class='ocrx_word' id='word_1_119' title='bbox 829 2511 898 2555; x_wconf 88' lang='lat' dir='ltr'><strong>non</strong></span> <span class='ocrx_word' id='word_1_120' title='bbox 921 2489 1178 2577; x_wconf 85' lang='lat' dir='ltr'><strong>perquisivimus</strong></span> <span class='ocrx_word' id='word_1_121' title='bbox 1201 2489 1242 2554; x_wconf 90' lang='lat' dir='ltr'><strong>de</strong></span> <span class='ocrx_word' id='word_1_122' title='bbox 1266 2487 1431 2553; x_wconf 81' lang='lat' dir='ltr'><strong>Wfflclmo</strong></span> <span class='ocrx_word' id='word_1_123' title='bbox 1453 2487 1494 2552; x_wconf 82' lang='lat' dir='ltr'><strong>dc</strong></span> 
     </span>
     <span class='ocr_line' id='line_1_17' title="bbox 448 2589 1494 2679; baseline -0.005 -21"><span class='ocrx_word' id='word_1_124' title='bbox 448 2593 565 2679; x_wconf 80' lang='lat' dir='ltr'><strong>Sleght</strong></span> <span class='ocrx_word' id='word_1_125' title='bbox 587 2615 648 2658; x_wconf 89' lang='lat' dir='ltr'><strong>nec</strong></span> <span class='ocrx_word' id='word_1_126' title='bbox 670 2591 780 2678; x_wconf 86' lang='lat' dir='ltr'><strong>aliquo</strong></span> <span class='ocrx_word' id='word_1_127' title='bbox 814 2593 879 2657; x_wconf 83' lang='lat' dir='ltr'><strong>adio</strong></span> <span class='ocrx_word' id='word_1_128' title='bbox 913 2592 1026 2678; x_wconf 88' lang='lat' dir='ltr'><strong>aliqua</strong></span> <span class='ocrx_word' id='word_1_129' title='bbox 1059 2595 1250 2658; x_wconf 86' lang='lat' dir='ltr'><strong>tenementa</strong></span> <span class='ocrx_word' id='word_1_130' title='bbox 1272 2589 1397 2655; x_wconf 89' lang='lat' dir='ltr'><strong>ibidem</strong></span> <span class='ocrx_word' id='word_1_131' title='bbox 1419 2593 1494 2676; x_wconf 88' lang='lat' dir='ltr'><strong>post</strong></span> 
     </span>
     <span class='ocr_line' id='line_1_18' title="bbox 447 2692 1493 2780; baseline -0.004 -20"><span class='ocrx_word' id='word_1_132' title='bbox 447 2699 619 2772; x_wconf 87' lang='lat' dir='ltr'><strong>statutum,</strong></span> <span class='ocrx_word' id='word_1_133' title='bbox 655 2695 712 2760; x_wconf 88' lang='lat' dir='ltr'><strong>sed</strong></span> <span class='ocrx_word' id='word_1_134' title='bbox 747 2694 836 2780; x_wconf 88' lang='lat' dir='ltr'><strong>quod</strong></span> <span class='ocrx_word' id='word_1_135' title='bbox 869 2715 929 2758; x_wconf 85' lang='lat' dir='ltr'><strong>nos</strong></span> <span class='ocrx_word' id='word_1_136' title='bbox 962 2693 1140 2758; x_wconf 81' lang='lat' dir='ltr'><strong>habuimus</strong></span> <span class='ocrx_word' id='word_1_137' title='bbox 1172 2692 1296 2758; x_wconf 86' lang='lat' dir='ltr'><strong>ibidem</strong></span> <span class='ocrx_word' id='word_1_138' title='bbox 1328 2692 1493 2779; x_wconf 91' lang='lat' dir='ltr'><strong>quandam</strong></span> 
     </span>
     <span class='ocr_line' id='line_1_19' title="bbox 447 2794 1494 2886; baseline -0.004 -24"><span class='ocrx_word' id='word_1_139' title='bbox 447 2799 620 2886; x_wconf 85' lang='lat' dir='ltr'><strong>grangiam</strong></span> <span class='ocrx_word' id='word_1_140' title='bbox 641 2799 677 2861; x_wconf 93' lang='lat' dir='ltr'><strong>in</strong></span> <span class='ocrx_word' id='word_1_141' title='bbox 699 2797 781 2862; x_wconf 85' lang='lat' dir='ltr'><strong>villa</strong></span> <span class='ocrx_word' id='word_1_142' title='bbox 802 2797 960 2883; x_wconf 88' lang='lat' dir='ltr'><strong>praedicta</strong></span> <span class='ocrx_word' id='word_1_143' title='bbox 983 2797 1023 2861; x_wconf 87' lang='lat' dir='ltr'><strong>de</strong></span> <span class='ocrx_word' id='word_1_144' title='bbox 1039 2795 1240 2874; x_wconf 74' lang='lat' dir='ltr'><strong>Wharroma,</strong></span> <span class='ocrx_word' id='word_1_145' title='bbox 1265 2817 1339 2860; x_wconf 86' lang='lat' dir='ltr'><strong>oum</strong></span> <span class='ocrx_word' id='word_1_146' title='bbox 1361 2794 1494 2880; x_wconf 89' lang='lat' dir='ltr'><strong>quibus-</strong></span> 
     </span>
     <span class='ocr_line' id='line_1_20' title="bbox 447 2896 1494 2986; baseline -0.005 -20"><span class='ocrx_word' id='word_1_147' title='bbox 447 2902 522 2966; x_wconf 90' lang='lat' dir='ltr'><strong>dam</strong></span> <span class='ocrx_word' id='word_1_148' title='bbox 545 2901 642 2966; x_wconf 88' lang='lat' dir='ltr'><strong>terris</strong></span> <span class='ocrx_word' id='word_1_149' title='bbox 673 2899 861 2979; x_wconf 80' lang='lat' dir='ltr'><strong>arabidibus,</strong></span> <span class='ocrx_word' id='word_1_150' title='bbox 884 2899 990 2986; x_wconf 90' lang='lat' dir='ltr'><strong>pratis</strong></span> <span class='ocrx_word' id='word_1_151' title='bbox 1022 2903 1057 2964; x_wconf 91' lang='lat' dir='ltr'><strong>et</strong></span> <span class='ocrx_word' id='word_1_152' title='bbox 1090 2899 1243 2985; x_wconf 84' lang='lat' dir='ltr'><strong>pasturis,</strong></span> <span class='ocrx_word' id='word_1_153' title='bbox 1267 2898 1373 2962; x_wconf 88' lang='lat' dir='ltr'><strong>eidem</strong></span> <span class='ocrx_word' id='word_1_154' title='bbox 1404 2896 1494 2982; x_wconf 86' lang='lat' dir='ltr'><strong>adja-</strong></span> 
     </span>
     <span class='ocr_line' id='line_1_21' title="bbox 447 3001 1493 3088; baseline -0.004 -19"><span class='ocrx_word' id='word_1_155' title='bbox 447 3005 606 3081; x_wconf 87' lang='lat' dir='ltr'><strong>centibus,</strong></span> <span class='ocrx_word' id='word_1_156' title='bbox 631 3027 669 3070; x_wconf 90' lang='lat' dir='ltr'><strong>ac</strong></span> <span class='ocrx_word' id='word_1_157' title='bbox 692 3003 794 3068; x_wconf 91' lang='lat' dir='ltr'><strong>etiam</strong></span> <span class='ocrx_word' id='word_1_158' title='bbox 828 3003 995 3088; x_wconf 90' lang='lat' dir='ltr'><strong>quandam</strong></span> <span class='ocrx_word' id='word_1_159' title='bbox 1018 3001 1163 3088; x_wconf 89' lang='lat' dir='ltr'><strong>placeam</strong></span> <span class='ocrx_word' id='word_1_160' title='bbox 1186 3003 1331 3087; x_wconf 84' lang='lat' dir='ltr'><strong>pasturae</strong></span> <span class='ocrx_word' id='word_1_161' title='bbox 1355 3001 1493 3087; x_wconf 85' lang='lat' dir='ltr'><strong>spinosae</strong></span> 
     </span>
     <span class='ocr_line' id='line_1_22' title="bbox 446 3103 1495 3190; baseline -0.003 -19"><span class='ocrx_word' id='word_1_162' title='bbox 446 3122 596 3171; x_wconf 84' lang='lat' dir='ltr'><strong>vocatam</strong></span> <span class='ocrx_word' id='word_1_163' title='bbox 620 3105 649 3171; x_wconf 91' lang='lat' dir='ltr'><strong>le</strong></span> <span class='ocrx_word' id='word_1_164' title='bbox 672 3105 813 3185; x_wconf 89' lang='lat' dir='ltr'><strong>Lound;</strong></span> <span class='ocrx_word' id='word_1_165' title='bbox 846 3127 919 3190; x_wconf 85' lang='lat' dir='ltr'><strong>quae</strong></span> <span class='ocrx_word' id='word_1_166' title='bbox 951 3103 1084 3190; x_wconf 87' lang='lat' dir='ltr'><strong>quidem</strong></span> <span class='ocrx_word' id='word_1_167' title='bbox 1108 3107 1297 3168; x_wconf 79' lang='lat' dir='ltr'><strong>tenemento</strong></span> <span class='ocrx_word' id='word_1_168' title='bbox 1319 3103 1495 3189; x_wconf 78' lang='lat' dir='ltr'><strong>praedeces·</strong></span> 
     </span>
     <span class='ocr_line' id='line_1_23' title="bbox 447 3203 1495 3294; baseline -0.003 -20"><span class='ocrx_word' id='word_1_169' title='bbox 447 3231 534 3274; x_wconf 88' lang='lat' dir='ltr'><strong>sores</strong></span> <span class='ocrx_word' id='word_1_170' title='bbox 568 3208 675 3274; x_wconf 85' lang='lat' dir='ltr'><strong>nostri</strong></span> <span class='ocrx_word' id='word_1_171' title='bbox 712 3207 935 3294; x_wconf 88' lang='lat' dir='ltr'><strong>acquisierunt</strong></span> <span class='ocrx_word' id='word_1_172' title='bbox 968 3211 1003 3271; x_wconf 89' lang='lat' dir='ltr'><strong>et</strong></span> <span class='ocrx_word' id='word_1_173' title='bbox 1039 3205 1227 3270; x_wconf 87' lang='lat' dir='ltr'><strong>habuerunt</strong></span> <span class='ocrx_word' id='word_1_174' title='bbox 1258 3227 1300 3270; x_wconf 85' lang='lat' dir='ltr'><strong>ex</strong></span> <span class='ocrx_word' id='word_1_175' title='bbox 1338 3203 1423 3270; x_wconf 89' lang='lat' dir='ltr'><strong>dono</strong></span> <span class='ocrx_word' id='word_1_176' title='bbox 1461 3211 1495 3271; x_wconf 90' lang='lat' dir='ltr'><strong>et</strong></span> 
     </span>
     <span class='ocr_line' id='line_1_24' title="bbox 447 3307 1495 3396; baseline -0.004 -21"><span class='ocrx_word' id='word_1_177' title='bbox 447 3310 651 3376; x_wconf 87' lang='lat' dir='ltr'><strong>concessione</strong></span> <span class='ocrx_word' id='word_1_178' title='bbox 674 3309 842 3396; x_wconf 89' lang='lat' dir='ltr'><strong>cujusdam</strong></span> <span class='ocrx_word' id='word_1_179' title='bbox 859 3307 1016 3372; x_wconf 82' lang='lat' dir='ltr'><strong>Willelmi</strong></span> <span class='ocrx_word' id='word_1_180' title='bbox 1032 3307 1193 3387; x_wconf 84' lang='lat' dir='ltr'><strong>Fossardi,</strong></span> <span class='ocrx_word' id='word_1_181' title='bbox 1208 3307 1267 3372; x_wconf 90' lang='lat' dir='ltr'><strong>diu</strong></span> <span class='ocrx_word' id='word_1_182' title='bbox 1289 3313 1368 3371; x_wconf 88' lang='lat' dir='ltr'><strong>ante</strong></span> <span class='ocrx_word' id='word_1_183' title='bbox 1389 3311 1495 3372; x_wconf 88' lang='lat' dir='ltr'><strong>statu-</strong></span> 
     </span>
     <span class='ocr_line' id='line_1_25' title="bbox 447 3409 1496 3478; baseline -0.003 -1"><span class='ocrx_word' id='word_1_184' title='bbox 447 3417 519 3478; x_wconf 90' lang='lat' dir='ltr'><strong>tum</strong></span> <span class='ocrx_word' id='word_1_185' title='bbox 543 3411 584 3476; x_wconf 91' lang='lat' dir='ltr'><strong>de</strong></span> <span class='ocrx_word' id='word_1_186' title='bbox 606 3412 705 3476; x_wconf 89' lang='lat' dir='ltr'><strong>terris</strong></span> <span class='ocrx_word' id='word_1_187' title='bbox 728 3417 763 3476; x_wconf 89' lang='lat' dir='ltr'><strong>et</strong></span> <span class='ocrx_word' id='word_1_188' title='bbox 792 3409 991 3475; x_wconf 89' lang='lat' dir='ltr'><strong>tenementis</strong></span> <span class='ocrx_word' id='word_1_189' title='bbox 1014 3410 1057 3474; x_wconf 86' lang='lat' dir='ltr'><strong>ad</strong></span> <span class='ocrx_word' id='word_1_190' title='bbox 1083 3431 1219 3474; x_wconf 89' lang='lat' dir='ltr'><strong>manum</strong></span> <span class='ocrx_word' id='word_1_191' title='bbox 1242 3415 1407 3474; x_wconf 85' lang='lat' dir='ltr'><strong>mortuam</strong></span> <span class='ocrx_word' id='word_1_192' title='bbox 1429 3431 1496 3474; x_wconf 91' lang='lat' dir='ltr'><strong>non</strong></span> 
     </span>
     <span class='ocr_line' id='line_1_26' title="bbox 447 3511 1496 3600; baseline 0 -24"><span class='ocrx_word' id='word_1_193' title='bbox 447 3513 614 3600; x_wconf 87' lang='lat' dir='ltr'><strong>ponendis.</strong></span> <span class='ocrx_word' id='word_1_194' title='bbox 677 3511 756 3577; x_wconf 92' lang='lat' dir='ltr'><strong>Ideo</strong></span> <span class='ocrx_word' id='word_1_195' title='bbox 803 3511 1044 3576; x_wconf 87' lang='lat' dir='ltr'><strong>consideratum</strong></span> <span class='ocrx_word' id='word_1_196' title='bbox 1082 3511 1149 3576; x_wconf 87' lang='lat' dir='ltr'><strong>fuit</strong></span> <span class='ocrx_word' id='word_1_197' title='bbox 1187 3511 1275 3597; x_wconf 91' lang='lat' dir='ltr'><strong>quod</strong></span> <span class='ocrx_word' id='word_1_198' title='bbox 1319 3511 1496 3598; x_wconf 87' lang='lat' dir='ltr'><strong>praedictus</strong></span> 
     </span>
     <span class='ocr_line' id='line_1_27' title="bbox 448 3613 1496 3700; baseline -0.001 -20"><span class='ocrx_word' id='word_1_199' title='bbox 448 3615 550 3680; x_wconf 86' lang='lat' dir='ltr'><strong>abbas</strong></span> <span class='ocrx_word' id='word_1_200' title='bbox 585 3619 697 3679; x_wconf 86' lang='lat' dir='ltr'><strong>noster</strong></span> <span class='ocrx_word' id='word_1_201' title='bbox 728 3614 792 3678; x_wconf 91' lang='lat' dir='ltr'><strong>iret</strong></span> <span class='ocrx_word' id='word_1_202' title='bbox 826 3613 903 3678; x_wconf 91' lang='lat' dir='ltr'><strong>inde</strong></span> <span class='ocrx_word' id='word_1_203' title='bbox 934 3615 1004 3678; x_wconf 90' lang='lat' dir='ltr'><strong>sine</strong></span> <span class='ocrx_word' id='word_1_204' title='bbox 1027 3613 1088 3693; x_wconf 89' lang='lat' dir='ltr'><strong>die,</strong></span> <span class='ocrx_word' id='word_1_205' title='bbox 1111 3613 1204 3678; x_wconf 86' lang='lat' dir='ltr'><strong>salvo</strong></span> <span class='ocrx_word' id='word_1_206' title='bbox 1233 3614 1310 3699; x_wconf 88' lang='lat' dir='ltr'><strong>jure</strong></span> <span class='ocrx_word' id='word_1_207' title='bbox 1343 3613 1438 3700; x_wconf 80' lang='lat' dir='ltr'><strong>regis,</strong></span> <span class='ocrx_word' id='word_1_208' title='bbox 1460 3619 1496 3679; x_wconf 89' lang='lat' dir='ltr'><strong>et</strong></span> 
     </span>
     <span class='ocr_line' id='line_1_28' title="bbox 448 3715 1494 3804; baseline -0.001 -22"><span class='ocrx_word' id='word_1_209' title='bbox 448 3723 575 3783; x_wconf 86' lang='lat' dir='ltr'><strong>caetera.</strong></span> <span class='ocrx_word' id='word_1_210' title='bbox 628 3715 758 3800; x_wconf 82' lang='lat' dir='ltr'><strong>1Cujus</strong></span> <span class='ocrx_word' id='word_1_211' title='bbox 790 3715 927 3780; x_wconf 88' lang='lat' dir='ltr'><strong>Roberti</strong></span> <span class='ocrx_word' id='word_1_212' title='bbox 962 3715 1091 3780; x_wconf 87' lang='lat' dir='ltr'><strong>abbatis</strong></span> <span class='ocrx_word' id='word_1_213' title='bbox 1126 3722 1281 3802; x_wconf 87' lang='lat' dir='ltr'><strong>tempore,</strong></span> <span class='ocrx_word' id='word_1_214' title='bbox 1314 3717 1494 3804; x_wconf 89' lang='lat' dir='ltr'><strong>capitulum</strong></span> 
     </span>
     <span class='ocr_line' id='line_1_29' title="bbox 448 3816 1494 3906; baseline 0.001 -23"><span class='ocrx_word' id='word_1_215' title='bbox 448 3818 598 3906; x_wconf 87' lang='lat' dir='ltr'><strong>generale</strong></span> <span class='ocrx_word' id='word_1_216' title='bbox 621 3818 796 3904; x_wconf 87' lang='lat' dir='ltr'><strong>deputavit</strong></span> <span class='ocrx_word' id='word_1_217' title='bbox 819 3819 990 3883; x_wconf 90' lang='lat' dir='ltr'><strong>dominum</strong></span> <span class='ocrx_word' id='word_1_218' title='bbox 1006 3816 1266 3904; x_wconf 68' lang='lat' dir='ltr'><strong>Raymundum,2</strong></span> <span class='ocrx_word' id='word_1_219' title='bbox 1281 3839 1381 3883; x_wconf 86' lang='lat' dir='ltr'><strong>sacrae</strong></span> <span class='ocrx_word' id='word_1_220' title='bbox 1403 3818 1494 3884; x_wconf 91' lang='lat' dir='ltr'><strong>theo-</strong></span> 
     </span>
     <span class='ocr_line' id='line_1_30' title="bbox 447 3919 1495 4009; baseline 0 -23"><span class='ocrx_word' id='word_1_221' title='bbox 447 3922 543 4009; x_wconf 81' lang='lat' dir='ltr'><strong>logiae</strong></span> <span class='ocrx_word' id='word_1_222' title='bbox 574 3921 798 4008; x_wconf 85' lang='lat' dir='ltr'><strong>professorem,</strong></span> <span class='ocrx_word' id='word_1_223' title='bbox 829 3919 871 3985; x_wconf 87' lang='lat' dir='ltr'><strong>ad</strong></span> <span class='ocrx_word' id='word_1_224' title='bbox 894 3921 1100 3986; x_wconf 85' lang='lat' dir='ltr'><strong>visitandum</strong></span> <span class='ocrx_word' id='word_1_225' title='bbox 1128 3926 1162 3986; x_wconf 85' lang='lat' dir='ltr'><strong>et</strong></span> <span class='ocrx_word' id='word_1_226' title='bbox 1191 3921 1437 3986; x_wconf 91' lang='lat' dir='ltr'><strong>reformandum</strong></span> <span class='ocrx_word' id='word_1_227' title='bbox 1458 3923 1495 3986; x_wconf 92' lang='lat' dir='ltr'><strong>in</strong></span> 
     </span>
     <span class='ocr_line' id='line_1_31' title="bbox 448 4023 1495 4110; baseline 0.001 -22"><span class='ocrx_word' id='word_1_228' title='bbox 448 4023 573 4110; x_wconf 85' lang='lat' dir='ltr'><strong>Anglia</strong></span> <span class='ocrx_word' id='word_1_229' title='bbox 597 4024 750 4088; x_wconf 89' lang='lat' dir='ltr'><strong>universe</strong></span> <span class='ocrx_word' id='word_1_230' title='bbox 774 4024 974 4088; x_wconf 85' lang='lat' dir='ltr'><strong>monasteria</strong></span> <span class='ocrx_word' id='word_1_231' title='bbox 995 4023 1119 4088; x_wconf 88' lang='lat' dir='ltr'><strong>ordinis</strong></span> <span class='ocrx_word' id='word_1_232' title='bbox 1140 4023 1247 4088; x_wconf 88' lang='lat' dir='ltr'><strong>nostri</strong></span> <span class='ocrx_word' id='word_1_233' title='bbox 1263 4023 1495 4089; x_wconf 78' lang='lat' dir='ltr'><strong>cisterciensis</strong></span> 
     </span>
     <span class='ocr_line' id='line_1_32' title="bbox 283 4125 1495 4212; baseline 0.002 -23"><span class='ocrx_word' id='word_1_234' title='bbox 283 4137 420 4190; x_wconf 78' lang='lat' dir='ltr'><strong>visitation</strong></span> <span class='ocrx_word' id='word_1_235' title='bbox 449 4127 524 4208; x_wconf 75' lang='lat' dir='ltr'><strong>Qui,</strong></span> <span class='ocrx_word' id='word_1_236' title='bbox 548 4126 726 4212; x_wconf 87' lang='lat' dir='ltr'><strong>assumptis</strong></span> <span class='ocrx_word' id='word_1_237' title='bbox 749 4125 807 4192; x_wconf 83' lang='lat' dir='ltr'><strong>et³</strong></span> <span class='ocrx_word' id='word_1_238' title='bbox 830 4127 996 4191; x_wconf 84' lang='lat' dir='ltr'><strong>associatis</strong></span> <span class='ocrx_word' id='word_1_239' title='bbox 1026 4127 1090 4190; x_wconf 86' lang='lat' dir='ltr'><strong>sibi</strong></span> <span class='ocrx_word' id='word_1_240' title='bbox 1114 4125 1255 4191; x_wconf 90' lang='lat' dir='ltr'><strong>dominis</strong></span> <span class='ocrx_word' id='word_1_241' title='bbox 1279 4126 1303 4190; x_wconf 87' lang='lat' dir='ltr'><strong>J</strong></span> <span class='ocrx_word' id='word_1_242' title='bbox 1305 4125 1432 4192; x_wconf 86' lang='lat' dir='ltr'><strong>ohanne</strong></span> <span class='ocrx_word' id='word_1_243' title='bbox 1455 4125 1495 4192; x_wconf 92' lang='lat' dir='ltr'><strong>de</strong></span> 
     </span>
     <span class='ocr_line' id='line_1_33' title="bbox 283 4207 1495 4340; baseline 0 -46"><span class='ocrx_word' id='word_1_244' title='bbox 283 4207 433 4340; x_wconf 41' lang='lat' dir='ltr'><strong>ssfoffitery·</strong></span> <span class='ocrx_word' id='word_1_245' title='bbox 448 4229 612 4314; x_wconf 83' lang='lat' dir='ltr'><strong>Whaliay,</strong></span> <span class='ocrx_word' id='word_1_246' title='bbox 642 4251 740 4294; x_wconf 81' lang='lat' dir='ltr'><strong>sacrae</strong></span> <span class='ocrx_word' id='word_1_247' title='bbox 775 4229 949 4315; x_wconf 82' lang='lat' dir='ltr'><strong>theologiae</strong></span> <span class='ocrx_word' id='word_1_248' title='bbox 984 4227 1170 4314; x_wconf 85' lang='lat' dir='ltr'><strong>professore,</strong></span> <span class='ocrx_word' id='word_1_249' title='bbox 1202 4234 1236 4293; x_wconf 92' lang='lat' dir='ltr'><strong>et</strong></span> <span class='ocrx_word' id='word_1_250' title='bbox 1269 4227 1423 4294; x_wconf 87' lang='lat' dir='ltr'><strong>Johanne</strong></span> <span class='ocrx_word' id='word_1_251' title='bbox 1455 4230 1495 4295; x_wconf 93' lang='lat' dir='ltr'><strong>de</strong></span> 
     </span>
     <span class='ocr_line' id='line_1_34' title="bbox 449 4329 1496 4418; baseline 0 -22"><span class='ocrx_word' id='word_1_252' title='bbox 449 4329 588 4416; x_wconf 84' lang='lat' dir='ltr'><strong>Bexlay,</strong></span> <span class='ocrx_word' id='word_1_253' title='bbox 604 4331 877 4395; x_wconf 87' lang='lat' dir='ltr'><strong>monasteriorum</strong></span> <span class='ocrx_word' id='word_1_254' title='bbox 899 4329 1086 4410; x_wconf 89' lang='lat' dir='ltr'><strong>abbatibus,</strong></span> <span class='ocrx_word' id='word_1_255' title='bbox 1102 4337 1136 4394; x_wconf 89' lang='lat' dir='ltr'><strong>et</strong></span> <span class='ocrx_word' id='word_1_256' title='bbox 1159 4329 1293 4395; x_wconf 91' lang='lat' dir='ltr'><strong>domino</strong></span> <span class='ocrx_word' id='word_1_257' title='bbox 1317 4331 1496 4418; x_wconf 86' lang='lat' dir='ltr'><strong>Sampsone</strong></span> 
     </span>
     <span class='ocr_line' id='line_1_35' title="bbox 448 4431 1497 4521; baseline 0 -22"><span class='ocrx_word' id='word_1_258' title='bbox 448 4433 607 4499; x_wconf 88' lang='lat' dir='ltr'><strong>monacho</strong></span> <span class='ocrx_word' id='word_1_259' title='bbox 631 4433 671 4496; x_wconf 91' lang='lat' dir='ltr'><strong>de</strong></span> <span class='ocrx_word' id='word_1_260' title='bbox 696 4431 881 4510; x_wconf 84' lang='lat' dir='ltr'><strong>Saviniaco,</strong></span> <span class='ocrx_word' id='word_1_261' title='bbox 904 4432 1091 4497; x_wconf 87' lang='lat' dir='ltr'><strong>bachalario</strong></span> <span class='ocrx_word' id='word_1_262' title='bbox 1121 4433 1155 4496; x_wconf 91' lang='lat' dir='ltr'><strong>in</strong></span> <span class='ocrx_word' id='word_1_263' title='bbox 1186 4433 1361 4520; x_wconf 82' lang='lat' dir='ltr'><strong>theologia,</strong></span> <span class='ocrx_word' id='word_1_264' title='bbox 1383 4438 1497 4521; x_wconf 88' lang='lat' dir='ltr'><strong>postea</strong></span> 
     </span>
    </p>
   </div>
   <div class='ocr_carea' id='block_1_3' title="bbox 972 4597 1495 4605">
    <p class='ocr_par' dir='ltr' id='par_1_3' title="bbox 972 4597 1495 4605">
     <span class='ocr_line' id='line_1_36' title="bbox 972 4597 1495 4605; baseline 0.002 -1"><span class='ocrx_word' id='word_1_265' title='bbox 972 4599 1111 4605; x_wconf 81' lang='lat'><em>....—.-.--</em></span> <span class='ocrx_word' id='word_1_266' title='bbox 1121 4597 1195 4604; x_wconf 74' lang='lat'><strong>---—</strong></span> <span class='ocrx_word' id='word_1_267' title='bbox 1207 4598 1495 4605; x_wconf 70' lang='lat'><em>——-·—----—-—--—</em></span> 
     </span>
    </p>
   </div>
   <div class='ocr_carea' id='block_1_4' title="bbox 482 4683 1493 4911">
    <p class='ocr_par' dir='ltr' id='par_1_4' title="bbox 482 4683 1493 4911">
     <span class='ocr_line' id='line_1_37' title="bbox 482 4683 1493 4816; baseline -0.003 -50"><span class='ocrx_word' id='word_1_268' title='bbox 482 4716 490 4748; x_wconf 83' lang='lat'>¹</span> <span class='ocrx_word' id='word_1_269' title='bbox 511 4715 725 4780; x_wconf 67' lang='lat' dir='ltr'><strong>cujasnam.</strong></span> <span class='ocrx_word' id='word_1_270' title='bbox 744 4754 749 4765; x_wconf 95' lang='lat'>.</span> <span class='ocrx_word' id='word_1_271' title='bbox 770 4717 791 4781; x_wconf 91' lang='lat'><strong>.]</strong></span> <span class='ocrx_word' id='word_1_272' title='bbox 812 4715 866 4765; x_wconf 73' lang='lat' dir='ltr'><strong>&#39;me</strong></span> <span class='ocrx_word' id='word_1_273' title='bbox 878 4731 947 4766; x_wconf 77' lang='lat' dir='ltr'><strong>eom·</strong></span> <span class='ocrx_word' id='word_1_274' title='bbox 997 4683 1048 4816; x_wconf 74' lang='lat' dir='ltr'><strong>tei</strong></span> <span class='ocrx_word' id='word_1_275' title='bbox 1057 4683 1315 4816; x_wconf 50' lang='lat' dir='ltr'><strong>ffiffli&#39;ssfflm</strong></span> <span class='ocrx_word' id='word_1_276' title='bbox 1330 4684 1493 4737; x_wconf 50' lang='lat' dir='ltr'><strong>imm·</strong></span> 
     </span>
     <span class='ocr_line' id='line_1_38' title="bbox 1031 4802 1454 4911; baseline 0.009 -18"><span class='ocrx_word' id='word_1_277' title='bbox 1031 4843 1041 4874; x_wconf 83' lang='lat'><strong>³</strong></span> <span class='ocrx_word' id='word_1_278' title='bbox 1059 4845 1191 4910; x_wconf 81' lang='lat' dir='ltr'><strong>assumptis</strong></span> <span class='ocrx_word' id='word_1_279' title='bbox 1203 4802 1250 4911; x_wconf 48' lang='lat' dir='ltr'><strong>,cti</strong></span> <span class='ocrx_word' id='word_1_280' title='bbox 1259 4844 1373 4910; x_wconf 80' lang='lat' dir='ltr'><strong>wanting</strong></span> <span class='ocrx_word' id='word_1_281' title='bbox 1383 4844 1412 4896; x_wconf 87' lang='lat' dir='ltr'><strong>in</strong></span> <span class='ocrx_word' id='word_1_282' title='bbox 1422 4845 1454 4898; x_wconf 79' lang='lat' dir='ltr'><strong>P.</strong></span> 
     </span>
    </p>
   </div>
   <div class='ocr_carea' id='block_1_5' title="bbox 450 4795 880 4860">
    <p class='ocr_par' dir='ltr' id='par_1_5' title="bbox 450 4795 880 4860">
     <span class='ocr_line' id='line_1_39' title="bbox 450 4795 880 4860; baseline 0.002 -16"><span class='ocrx_word' id='word_1_283' title='bbox 450 4801 605 4846; x_wconf 85' lang='lat' dir='ltr'><strong>mencement</strong></span> <span class='ocrx_word' id='word_1_284' title='bbox 616 4795 645 4844; x_wconf 85' lang='lat' dir='ltr'><strong>of</strong></span> <span class='ocrx_word' id='word_1_285' title='bbox 653 4796 757 4860; x_wconf 85' lang='lat' dir='ltr'><strong>chapter</strong></span> <span class='ocrx_word' id='word_1_286' title='bbox 768 4795 800 4844; x_wconf 89' lang='lat' dir='ltr'><strong>X.</strong></span> <span class='ocrx_word' id='word_1_287' title='bbox 811 4795 839 4844; x_wconf 92' lang='lat' dir='ltr'><strong>in</strong></span> <span class='ocrx_word' id='word_1_288' title='bbox 850 4795 880 4845; x_wconf 90' lang='lat' dir='ltr'><strong>P.</strong></span> 
     </span>
    </p>
   </div>
   <div class='ocr_carea' id='block_1_6' title="bbox 0 0 1819 5888">
    <p class='ocr_par' dir='ltr' id='par_1_6' title="bbox 0 0 1819 5888">
     <span class='ocr_line' id='line_1_40' title="bbox 0 0 1819 5888; baseline 0 0"><span class='ocrx_word' id='word_1_289' title='bbox 0 0 1819 5888; x_wconf 95' lang='lat' dir='ltr'><strong> </strong></span> 
     </span>
    </p>
   </div>
  </div>
 </body>
</html>
