3578 5874
488 889 687 938 wmananos
709 889 817 938 sanas
839 890 993 938 ocrsvos
1016 891 1177 940 oreimis.
1290 874 1356 946 227

307 1083 364 1148 per
386 1064 525 1128 aedificia
547 1065 590 1130 ad
613 1065 806 1132 orientalem
831 1071 961 1152 partem
984 1068 1132 1132 rectoriae
1163 1067 1203 1130 de
1227 1066 1356 1130 Naffre-
1369 1077 1437 1128 Μ).
1452 1083 1514 1132 1³72

307 1169 387 1228 tona
408 1165 493 1230 fecit.
550 1168 715 1234 Horreum
731 1191 834 1233 unum
860 1169 901 1233 de
924 1169 1061 1254 grangia
1083 1170 1124 1233 de
1148 1168 1294 1233 Daliona
1320 1169 1356 1232 in
1368 1150 1459 1195 '¹3⁹⁶'

306 1266 489 1355 erytpule
511 1271 599 1356 apud
623 1270 809 1356 Skyrenam
825 1272 1034 1350 transferens,
1050 1273 1255 1337 bercheriam
1277 1272 1355 1337 inde

307 1372 488 1437 constituit.
535 1372 689 1438 Caminos
704 1396 807 1440 novos
818 1375 907 1462 apud
920 1375 1091 1461 grangiam
1107 1375 1147 1441 de
1161 1373 1356 1440 Wharroma

307 1479 341 1538 et
370 1476 543 1540 rectoriam
578 1477 618 1541 de
655 1477 786 1564 Skypse
823 1477 1023 1557 fabricavit;
1046 1500 1084 1542 ac
1107 1483 1296 1544 tenemento
1318 1478 1354 1542 in
1368 1493 1516 1556 Hospieein

308 1574 455 1642 Eboraco
478 1584 517 1644 ut
539 1581 758 1666 praemittitur
787 1581 967 1666 acquirens,
995 1580 1113 1659 aulam,
1145 1603 1290 1646 cameras
1319 1560 1445 1646 etYork.

306 1678 482 1758 stabulum,
515 1703 575 1766 pro
609 1681 765 1768 proprio1
797 1703 856 1746 suo
879 1681 1022 1768 hospitio
1045 1687 1080 1747 et
1109 1703 1244 1747 suorum
1275 1682 1354 1748 illue

305 1781 539 1863 accedentium,
571 1785 612 1848 de
646 1806 735 1850 novo
764 1784 950 1849 aedifioavit.
1009 1785 1244 1870 Reparationes
1276 1806 1355 1870 quo-

307 1904 369 1968 que
403 1885 512 1950 varias
542 1887 631 1972 apud
663 1887 862 1964 maneriam,
892 1887 1057 1964 rectoriae,
1088 1888 1252 1974 grangias,
1281 1909 1354 1953 vac-

306 1986 418 2064 oarias,
440 1987 637 2066 molendina,
671 1995 706 2054 et
737 1989 802 2054 alia
835 1994 1024 2054 tenemento
1048 1993 1162 2054 nostra
1183 2011 1353 2075 peragam,
1369 2003 1494 2080 Redemp-

305 2090 477 2174 pensiones
510 2097 546 2156 et
579 2091 726 2158 corrodia
756 2113 814 2177 per
836 2091 1085 2177 praedecessores
1107 2111 1183 2156 suos
1205 2071 1481 2187 concessatwssssgs

306 2198 339 2258 et
362 2193 499 2258 vendita
521 2195 564 2258 ad
588 2199 749 2260 certorum
772 2194 861 2258 vitas
884 2200 919 2258 et
941 2195 1100 2258 terminos
1122 2215 1295 2273 annorum,
1310 2194 1354 2258 ad
1367 2152 1512 2279 iidcorro-

306 2295 449 2362 volorem
472 2319 619 2362 annuum
642 2319 673 2361 x.
689 2297 856 2375 librarum,
873 2297 916 2381 vj.
933 2297 1118 2374 solidorum,
1135 2297 1204 2382 viij.
1227 2297 1354 2361 denari·
1368 2271 1426 2320 ⁶¹⁰⁵

305 2419 408 2478 orum,
432 2404 552 2486 praeter
585 2399 815 2486 praescriptum
845 2399 1014 2464 redditum
1037 2399 1078 2464 de
1102 2396 1273 2464 Molscrost
1297 2400 1354 2484 qui

305 2500 370 2566 fuit
401 2524 432 2566 x.
456 2502 557 2580 librae,
580 2503 662 2586 xiiij.
686 2502 790 2580 solidi,
815 2502 874 2586 iiij.
898 2501 1034 2580 denarii,
1065 2502 1172 2587 pretio
1204 2501 1352 2566 redemit.

305 2603 416 2688 Atque
431 2626 490 2690 per
511 2609 642 2690 tempus
664 2604 855 2668 abbatiatus
877 2605 929 2669 sui
944 2603 1103 2690 persolvit
1125 2605 1260 2669 domino
1278 2595 1353 2690 'regi
1367 2619 1499 2672 uenusto

305 2727 364 2791 pro
387 2706 529 2784 decimis,
550 2707 680 2772 nuntiis
703 2707 829 2771 domini
851 2729 947 2792 papae
969 2705 1012 2770 ad
1034 2711 1145 2792 partes
1168 2707 1353 2772 accedenti·
1366 2687 1525 2818 ξξζζιζξξεοῑ

305 2808 367 2874 bus
398 2831 457 2896 pro
499 2809 650 2896 expensis
681 2810 757 2886 suis,
795 2809 1111 2895 archiepiscopisque
1146 2833 1204 2896 pro
1238 2809 1351 2874 dimis·
1366 2822 1438 2898 papa}
1454 2837 1521 2870 eom-

305 2911 451 2978 sionibus
489 2912 699 2978 ecclesiarum
737 2916 771 2976 ct
817 2911 1105 2997 procurationibus
1143 2913 1352 2978 ecclesiarum
1366 2901 1519 3017 ffissssssff’

304 3019 492 3080 nostrarum
536 3014 780 3101 parochialium,
821 3035 858 3078 ao
903 3036 962 3100 pro
1008 3015 1114 3100 prima
1159 3014 1352 3080 visitatione
1366 3019 1459 3070 maon
1471 3029 1497 3070 to

304 3116 485 3183 Alexandri
515 3118 756 3203 archiepiscopi,
786 3116 983 3203 plusquam
1008 3118 1097 3182 mille
1120 3137 1251 3181 marcas,
1299 3116 1352 3193 Et,
1365 3085 1492 3216 {iffih'

305 3226 424 3307 praeter
455 3221 583 3288 velores
621 3218 774 3286 annuos2
804 3221 965 3285 dictorum
1007 3221 1075 3306 xxj.
1113 3220 1272 3284 librarum
1295 3220 1351 3305 xij.
1365 3232 1488 3297 Redemp

305 3324 525 3405 denariorum,
557 3326 644 3389 sicut
685 3324 912 3410 praemittitur,
948 3324 1208 3408 redemptorum,
1248 3344 1350 3388 cessa·
1364 3301 1491 3416 {fflfnd

303 3425 430 3492 tionem
452 3428 656 3512 pensionum,
680 3426 859 3504 feodorum,
883 3425 1125 3490 exhibitionum
1156 3430 1190 3489 et
1213 3425 1352 3493 corrodi·
1365 3432 1494 3482 munides·

305 3551 408 3607 orum,
446 3530 746 3615 maneriorumque‚
794 3535 965 3608 terrarum,
1011 3533 1274 3594 tenementorum
1320 3535 1354 3593 et

303 3633 502 3710 reddituum,
526 3633 665 3696 diversis
688 3631 837 3718 personis
868 3631 910 3694 ad
942 3635 1048 3695 certos
1071 3630 1230 3696 terminos
1253 3652 1355 3696 onno-

303 3757 385 3812 rum,
408 3735 562 3799 videlicet
584 3734 705 3800 valoris
734 3733 837 3799 annui
860 3733 1000 3818 xxxviij.
1022 3733 1189 3812 librarum,
1212 3735 1255 3818 vj.
1279 3733 1353 3798 soli-

304 3837 428 3915 dorum,
452 3837 521 3922 viij.
545 3837 763 3916 denariorum,
787 3859 825 3901 ac
847 3836 985 3900 aliorum
1008 3835 1195 3920 hujusmodi
1218 3857 1354 3901 onerum

303 3940 440 4006 diversis
473 3940 627 4026 personis,
662 3939 704 4003 ad
739 3939 918 4003 terminum
953 3939 1032 4002 vitae
1065 3937 1277 4023 singulorum,
1311 3939 1353 4002 ad

305 4098 428 4105 ——..-
450 4099 467 4104 .-

303 4187 433 4243 petnorum
460 4179 606 4230 monasterii
629 4181 660 4230 de
685 4179 804 4241 ecclesiis,
851 4179 965 4242 expensis
983 4177 1353 4244 suis,arohiepiseopisquepro

303 4258 412 4310 tersisset
422 4259 569 4309 tenementis
578 4259 639 4322 suis,
648 4266 673 4309 et
681 4259 804 4323 composi-
852 4255 1039 4308 dimissionibus
1050 4258 1211 4308 ecelesiarum
1223 4267 1248 4309 et
1264 4275 1352 4322 proco·

304 4336 414 4388 tionibus
425 4345 451 4388 et
466 4339 669 4390 concessionibus
686 4337 804 4402 antiquis,
851 4337 989 4388 rationibus
1000 4339 1171 4390 visitationum
1190 4338 1350 4390 ecclesiarum

303 4418 388 4480 cxxvj.
400 4417 505 4479 librata,
522 4435 546 4468 x.
562 4419 672 4480 solidati,
690 4419 715 4478 ij.
727 4419 804 4467 dena·
828 4464 829 4475 ,
851 4433 951 4468 suarum
979 4417 1084 4483 singulis
1113 4417 1188 4467 ternis
1219 4416 1299 4476 annis,
1327 4423 1351 4465 et

302 4496 366 4558 riuti,
384 4498 499 4547 obulutus
511 4504 537 4547 et
556 4499 742 4564 quadr-antam,
760 4513 804 4562 per
827 4530 829 4585 p
850 4498 931 4561 prima
941 4497 1080 4548 visitatione
1097 4496 1193 4546 domini
1211 4495 1352 4545 Alexandri

301 4591 403 4626 annum.
431 4577 528 4628 Praeter
537 4577 593 4627 hac
601 4577 804 4640 etiam‚tempore
849 4577 1040 4640 archiepiscopi,
1051 4577 1182 4639 plusquam
1199 4574 1271 4624 mille
1287 4589 1352 4624 mar·

301 4655 442 4708 abbatiolas
454 4657 492 4707 sui
503 4658 623 4722 persolvit
633 4655 735 4707 domino
749 4656 803 4722 regi
850 4657 965 4708 cas-P.

302 4750 347 4798 pro
357 4735 462 4788 diversis
473 4738 548 4798 taxis,
555 4737 700 4801 nuntiisque
708 4736 802 4788 domini
884 4734 892 4768 ¹
905 4735 1020 4800 proprio]
1040 4734 1204 4800 propriorum,
1215 4734 1242 4784 in
1253 4733 1310 4785 MS.

301 4829 372 4878 papas
400 4817 575 4867 accedentibus
598 4819 631 4867 ad
653 4823 735 4880 partes
757 4831 802 4879 pro
825 4810 828 4867 l
882 4815 1017 4879 loannes]
1037 4829 1176 4864 annuorum
1187 4815 1215 4864 in
1226 4814 1283 4864 MS.

1151 4898 1215 4959 122
