3610 5890
498 897 596 946 nuso
619 895 727 945 senus
749 895 904 956 correus
926 895 1091 945 nrcruus.
1281 883 1323 946 13

275 1071 418 1160 insuper,
447 1073 490 1138 ad
519 1071 676 1157 majorem
705 1073 915 1137 securitatem
952 1071 1125 1136 solutionis
1164 1056 1326 1136 dictarum
1337 1083 1405 1134 Am.
1421 1090 1482 1136 reas

278 1176 297 1239 5
313 1196 503 1252 marcarum,
518 1172 744 1261 obligabamus
766 1195 826 1238 nos
848 1174 885 1238 in
900 1173 1150 1260 decem-marcis,
1168 1173 1208 1238 dc
1228 1155 1427 1238 eccle-'¹³⁴⁹'

278 1277 335 1342 siis
354 1277 476 1342 nostris
499 1277 539 1342 de
555 1276 751 1342 Naffretoua
771 1281 804 1342 et
819 1275 860 1342 de
884 1275 1014 1364 Skypsc
1036 1275 1185 1342 levandis
1198 1279 1234 1340 et
1256 1297 1328 1361 per·

277 1379 443 1466 cipiendis‚
485 1379 724 1466 archiepiscopo
755 1379 962 1459 Eboracensi,
998 1377 1055 1464 qui
1092 1400 1151 1464 pro
1183 1383 1329 1464 tempore

276 1482 385 1561 fuerit,
417 1482 648 1568 persolvendis,
680 1483 937 1568 quotiescunque
967 1481 1087 1548 solutio
1099 1481 1280 1546 micanum
1308 1483 1326 1544 5

278 1607 459 1651 marcarum
489 1589 598 1650 aretro
628 1583 728 1650 fuerit
759 1605 816 1670 per
845 1605 951 1648 unum
978 1605 1124 1648 mensem
1153 1583 1328 1670 integrum,

278 1692 352 1774 post
380 1687 510 1774 lapsum
539 1686 697 1774 temporis
727 1685 872 1772 alicujus.
919 1685 975 1750 Ad
1005 1685 1076 1752 haec
1106 1691 1225 1763 autem,
1249 1686 1329 1772 quia
1341 1703 1456 1756 services

278 1789 386 1856 dictus
407 1788 560 1855 dominus
584 1790 748 1855 Rcbertus
778 1788 884 1874 ipsam
915 1787 1096 1882 cantariam
1118 1788 1169 1853 ita
1198 1772 1446 1906 ordina-gfmt¹¹¹1}ry

278 1899 380 1969 verat,
412 1897 451 1958 ut
486 1891 634 1978 quolibet
658 1891 712 1956 die
739 1890 941 1978 septimanae,
966 1890 1131 1954 dominice
1161 1890 1330 1958 duntaxat
1448 1875 1454 1888 ¹

279 1999 423 2080 excepta,
451 1993 637 2081 capellanus
663 1994 700 2058 in
724 2015 763 2058 ea
786 1991 961 2058 desinens¹
985 1992 1117 2056 missam
1133 1992 1174 2056 de
1189 1991 1330 2078 gloriosa

280 2096 409 2182 virgine
432 2095 547 2176 Maria,
575 2096 628 2161 die
651 2117 731 2160 vero
758 2095 923 2160 dominica
945 2094 1078 2178 missam
1101 2095 1142 2160 de
1165 2093 1329 2160 Trinitate

280 2220 355 2266 cum
377 2198 450 2264 aliis
472 2197 595 2264 divinis
616 2197 789 2282 obsequiis,
805 2195 969 2274 videlicet,
987 2195 1135 2282 quolibet
1157 2196 1210 2262 die
1226 2196 1329 2261 “Pla

282 2309 299 2335 “
311 2299 389 2366 cebo
400 2299 418 2331 '’
433 2306 466 2366 et
482 2309 498 2334 “
510 2299 654 2388 Dirige‚''
670 2321 745 2364 cum
767 2299 1050 2366 commendatione
1076 2305 1280 2364 mortuorum
1296 2309 1330 2365 et

280 2402 483 2468 orationibus
498 2401 662 2468 consuetis
678 2401 714 2466 in
729 2401 791 2466 hac
807 2407 901 2488 parte
918 2401 1133 2488 [celebraret],
1144 2401 1330 2468 dotaverat·

279 2527 342 2591 que
357 2527 428 2570 eam
451 2505 491 2570 de
505 2503 696 2588 hujusmodi
711 2525 822 2569 annuo
838 2503 972 2568 redditu
989 2507 1007 2567 5
1025 2525 1217 2585 marcarum,
1233 2526 1330 2591 quem

280 2607 457 2694 acquisivit
481 2607 665 2696 specialiter
680 2629 740 2694 pro
755 2607 879 2684 eadem,
895 2607 1111 2672 concessimus
1126 2607 1222 2692 quod,
1237 2607 1266 2672 si
1281 2630 1331 2672 or·

280 2711 408 2776 dinatio
422 2715 503 2776 tunc
518 2711 676 2796 temporis
691 2710 786 2788 facta,
811 2710 921 2794 quoad
944 2709 1101 2794 majorem
1123 2709 1332 2776 securitatem

279 2813 457 2902 parandam
473 2812 513 2878 de
536 2811 731 2899 supradictis
746 2811 867 2876 annuis
888 2811 1082 2888 redditibus,
1104 2811 1331 2878 emendatione

279 2916 442 3003 indigeret
467 2915 504 2980 in
527 2913 685 2990 futurum,
717 2913 829 2999 quod²
851 2914 957 3000 parati
980 2935 1129 2993 essemus,
1152 2915 1330 2981 secundum

280 3019 524 3104 dispositionem
540 3016 621 3082 dicti
642 3015 768 3081 domini
783 3015 920 3080 Rcberti
940 3021 1000 3080 aut
1015 3014 1172 3080 heredum
1187 3039 1331 3098 suorum,

281 3127 315 3186 ct
352 3119 478 3186 consilii
512 3119 693 3184 eommunis
730 3118 835 3204 partis
868 3118 1048 3202 utriusque,
1090 3118 1331 3184 ordinationem

283 3231 362 3288 tunc
376 3222 498 3286 factam
518 3221 694 3287 reformare
717 3223 751 3284 et
766 3218 947 3294 emendare,
964 3241 1038 3284 cum
1061 3219 1221 3285 fuerimus
1235 3243 1332 3307 super

282 3325 343 3390 hoc
365 3323 604 3389 rationabiliter
618 3322 817 3410 praemuniti.
863 3321 1008 3386 Praefata
1030 3327 1142 3386 autem
1168 3323 1331 3388 ordinatio

282 3425 370 3491 facta
398 3425 506 3491 fuerat
539 3447 626 3490 auno
657 3423 793 3489 Domini
818 3421 914 3503 1347,
945 3428 979 3490 et
1013 3423 1048 3488 in
1079 3446 1166 3490 anno
1196 3423 1332 3492 Domini
1344 3439 1413 3490 al).
1428 3444 1498 3494 1³47.

284 3531 367 3594 1381
385 3527 497 3592 finivit
519 3527 681 3592 terminus
700 3525 789 3590 infra
812 3547 909 3610 quem
934 3526 1090 3613 praefatas
1105 3527 1191 3596 clxx.
1206 3551 1332 3594 marcas

283 3632 317 3696 in
332 3631 403 3717 ipsa
427 3631 583 3708 cantaria,
600 3651 681 3716 quas
704 3650 762 3715 pro
779 3627 892 3693 eadem
908 3629 1098 3716 recepimus,
1117 3630 1262 3716 plenarie
1277 3655 1333 3698 ex-

283 3734 522 3820 pendebamus3
537 3733 641 3798 itaut
656 3735 765 3797 totum
781 3733 867 3816 quod
883 3733 919 3795 in
934 3731 1073 3818 praefata
1095 3735 1244 3800 cantaria
1258 3742 1333 3822 post

284 3859 406 3900 annum
432 3835 569 3900 Domini
599 3838 684 3901 1381
712 3835 927 3919 expendimus
954 3833 996 3899 ad
1018 3835 1105 3899 nihil
1131 3837 1214 3902 utile
1237 3838 1333 3904 uobis

283 3937 442 4026 redigitur
457 3939 493 4002 in
515 3937 663 4002 futurum
678 3961 686 4018 ;
700 3936 881 4023 praesertim
898 3957 973 4002 cum
995 3935 1102 4023 ipsum
1117 3938 1192 4025 plus
1214 3961 1333 4027 expen-

285 4039 391 4104 dimus
415 4062 514 4124 quam
529 4062 587 4126 pro
611 4039 700 4104 dicta
722 4039 871 4104 cantaria
885 4044 985 4104 antea
1003 4061 1198 4125 ceperamus,
1214 4048 1335 4128 praeter

283 4141 385 4206 etiam
400 4141 532 4208 timores
555 4163 734 4228 poenarum,
751 4145 786 4207 ct
809 4161 967 4226 expensas
990 4141 1164 4208 delationis
1189 4144 1334 4232 ipserum

285 4243 430 4330 quinque
467 4265 649 4310 marcarum
682 4264 783 4330 usque
813 4243 855 4310 ad
885 4241 1094 4328 Wynestede,
1125 4268 1146 4310 a
1174 4247 1334 4334 principio

283 4345 477 4412 infuturum.

286 4541 1315 4554 auu-Q*

320 4682 327 4714 ¹
344 4681 467 4747 aaron]
488 4681 544 4731 The
564 4682 670 4746 reading
687 4683 723 4752 ¹ol
743 4682 785 4731 the
866 4681 963 4748 Quod]
978 4683 1174 4747 Aredundency
1184 4682 1211 4734 in
1223 4683 1265 4734 the
1277 4683 1334 4742 MS,

286 4760 342 4816 MS.
355 4761 562 4814 sordueram?
