3578 5874
430 855 495 920 238
867 869 1057 919 Pssrsrro.

430 1061 549 1126 parens
572 1039 719 1125 imperio,
744 1061 787 1104 cx
823 1039 983 1126 compotis
1009 1039 1195 1126 registratis
1226 1062 1264 1105 ac
1285 1039 1421 1117 caeteris,
1444 1061 1487 1104 ex

431 1163 544 1207 eorum
574 1141 779 1228 temporibus
813 1163 953 1226 quorum
983 1141 1072 1206 infra
1094 1142 1135 1206 fit
1157 1141 1291 1218 mentio,
1316 1141 1487 1229 scripturis

430 1243 609 1308 autenticis
641 1243 851 1330 dispendiosa
885 1264 1024 1329 quaeque
1058 1244 1136 1309 stilo
1168 1243 1313 1308 breviori
1335 1249 1487 1330 satagens

431 1345 633 1424 continuare,
658 1345 791 1410 demum
820 1345 858 1409 in
879 1367 985 1410 unum
1008 1346 1157 1410 adunata
1178 1345 1214 1409 in
1237 1345 1299 1410 hoc
1321 1344 1486 1431 opusculo,

431 1447 537 1512 forma
558 1469 633 1533 quae
655 1447 813 1532 sequitur,
836 1449 950 1512 curavi
973 1447 1164 1512 distinctius
1187 1468 1332 1513 exarare.
1378 1446 1486 1511 Nemo

431 1549 543 1634 igitur,
578 1549 663 1614 hanc
694 1549 956 1634 qualemcunque
987 1549 1151 1614 cronicam
1183 1549 1394 1634 perlecturus‚
1417 1549 1486 1612 eul-

431 1673 509 1738 pam
542 1651 757 1717 detractionis
788 1651 910 1716 inferat
939 1651 1141 1737 compilanti‚
1166 1651 1195 1716 si
1220 1651 1305 1715 inibi
1327 1650 1486 1736 inscripta

432 1752 496 1818 sibi
518 1741 596 1817 ¹non
630 1753 749 1818 cedant
780 1753 823 1817 ad
854 1757 943 1830 vota,
975 1752 1154 1818 dummodo
1189 1752 1297 1817 eidem
1330 1757 1485 1839 suppetat

432 1854 572 1920 facultas
594 1877 714 1919 novam
745 1877 788 1921 cx
821 1855 952 1940 integro
974 1854 1155 1932 retexendi,
1178 1859 1213 1920 et
1242 1858 1337 1919 tanto
1359 1853 1486 1918 facilius

433 1961 560 2041 quanto
583 1957 728 2042 apertius
762 1957 816 2022 hic
839 1955 961 2021 viderit
992 1956 1144 2020 enarrari
1191 1955 1238 2020 Et
1260 1957 1340 2042 quia
1361 1955 1485 2042 primus
1511 2025 1517 2036 ¹

433 2058 518 2124 liber
541 2059 713 2123 cronicalis
736 2058 941 2123 diversarum
963 2056 1221 2122 incidentiarum
1243 2057 1379 2121 mixtim
1409 2078 1484 2121 con-

432 2159 521 2224 tinet
547 2159 723 2240 historias‚¹
749 2161 789 2224 dc
820 2159 940 2244 quibus
962 2158 1058 2223 nobis
1081 2179 1148 2223 non
1171 2158 1326 2245 pertinet,
1349 2163 1383 2223 et
1406 2157 1485 2243 quia

432 2260 551 2324 talium
584 2261 797 2326 historiarum
831 2261 949 2325 horum
983 2261 1143 2324 abbatum
1176 2259 1380 2346 temporibus
1402 2259 1484 2322 acci·

433 2361 606 2426 dentium²
628 2363 756 2448 copiam
779 2385 848 2448 prae
870 2360 1023 2426 manibus
1038 2383 1106 2424 non
1127 2361 1240 2439 habeo,
1263 2361 1328 2426 hiis
1351 2361 1485 2438 omissis,

432 2464 475 2528 ad
498 2462 699 2528 narrationis
722 2463 871 2528 ordinem
894 2462 1116 2550 procedamus.

788 2630 941 2716 Eaptdcit
955 2628 1127 2716 Proefate'o.

433 2817 650 2824 *Ψ-
657 2818 703 2824 *-
1046 2815 1146 2821 --·-’··
1153 2813 1490 2826 ··-·-·-·————-——·-.-

633 2922 643 2954 ¹
660 2922 788 2988 historias]
807 2921 931 2987 hystorias
942 2921 970 2972 in
983 2921 1040 2972 MS.

634 3003 644 3032 ²
660 3002 833 3068 ammutium]
851 3002 958 3054 Altered
969 3001 1035 3051 from
1046 3001 1187 3052 accidentes
1198 3000 1224 3051 in
1236 2999 1292 3052 MS.
