3578 5874
427 953 430 966 ·
506 955 705 1006 0101111100
727 957 836 1007 asans
858 959 1011 1010 0011000
1034 959 1194 1010 orciuos.
1309 941 1373 1012 197

327 1129 380 1210 Ε1,
412 1131 449 1194 in
480 1129 596 1196 diebus
626 1151 728 1197 coenae
765 1132 909 1212 Domini,
948 1134 1146 1216 Parascevae,
1184 1139 1219 1201 et
1257 1131 1453 1221 vigim-1>-
1468 1137 1532 1187 ¹³⁷2

327 1232 446 1310 Paseaa,
469 1233 600 1319 quando
623 1234 791 1300 nonlicet
820 1235 983 1302 celebrare
1017 1237 1201 1316 monachus,
1224 1238 1372 1303 sacerdos
1383 1206 1477 1330 'lm

326 1356 386 1421 pro
400 1336 458 1400 1110
480 1357 566 1400 anno
589 1359 644 1401 seu
668 1337 850 1422 septimana
865 1339 1049 1425 deputatae,
1065 1340 1211 1425 quolibet
1227 1341 1370 1426 ipsorum

327 1437 427 1502 trium
467 1437 603 1518 dierum,
643 1447 659 1474 “
672 1438 837 1505 Placebo”
875 1445 910 1506 et
948 1448 966 1476 “
977 1441 1092 1528 Dirige
1101 1441 1117 1466 '²
1149 1441 1286 1528 private,
1318 1441 1372 1507 vel

326 1538 412 1605 infra
433 1562 487 1606 xv.
519 1540 588 1607 dies
619 1541 768 1628 proxime
799 1542 1021 1629 praecedentes
1046 1547 1107 1608 aut
1128 1544 1371 1630 subsequentes,

326 1641 433 1707 dicere
458 1647 619 1708 teneatur.
665 1643 738 1709 Hoc
769 1649 882 1710 tamen
905 1665 1032 1732 semper
1054 1650 1199 1733 excepto,
1223 1644 1320 1732 quod,
1343 1645 1371 1710 si

325 1744 497 1832 contingat
518 1745 606 1811 diota
635 1752 739 1813 terras
761 1751 796 1813 et
817 1752 1005 1814 tenementa
1027 1748 1065 1812 in
1088 1747 1308 1835 Grymestona
1337 1753 1372 1814 et

326 1847 500 1913 Beverlaco
531 1848 584 1914 vel
612 1848 754 1935 aliquam
787 1849 960 1936 parcellam
994 1851 1172 1916 eorundem
1193 1872 1254 1938 per
1274 1851 1372 1916 inun-

325 1951 473 2016 dationes
495 1951 678 2016 maritimas
700 1951 854 2030 consumi,
871 1957 930 2017 aut
952 1951 1103 2039 perjura
1124 1954 1217 2040 regni
1239 1952 1371 2040 Angliae

324 2053 379 2119 vel
399 2053 466 2118 alio
500 2053 617 2140 quovis
648 2055 746 2120 modo
776 2053 923 2141 legitimo
957 2055 1064 2120 evinci
1095 2054 1148 2120 vel
1181 2053 1372 2141 recuperari,

326 2156 405 2221 dum
427 2161 539 2221 tamen
561 2156 683 2223 debitae
705 2155 849 2222 defensio
872 2163 906 2222 01
928 2158 1116 2224 resistentia
1130 2157 1225 2223 factae
1246 2156 1372 2224 fuerint

326 2259 362 2322 in
381 2257 440 2324 hac
461 2264 562 2346 parte,
592 2280 649 2325 sen
672 2281 731 2346 per
753 2259 902 2326 incursus
923 2259 1093 2326 hominum
1115 2260 1169 2326 vel
1183 2259 1371 2326 incendium

325 2365 385 2426 aut
407 2383 612 2428 communem
635 2363 859 2449 pestilentiam
882 2363 1030 2429 consumi
1052 2363 1106 2430 vel
1128 2362 1300 2440 devastari,
1323 2363 1372 2428 ita

326 2463 415 2549 quod
448 2465 615 2530 residuum
644 2465 808 2530 dictorum
837 2470 1000 2552 terrarum
1038 2471 1073 2530 et
1108 2465 1372 2531 tenementorum

325 2588 392 2632 non
422 2567 584 2632 sufficeret
606 2567 649 2632 ad
672 2568 815 2633 valorem
838 2588 985 2633 annuum
1015 2568 1160 2654 quinque
1182 2588 1372 2644 marcarum,

326 2672 406 2734 tuno
439 2691 499 2734 nos
526 2673 562 2734 et
593 2690 790 2736 successores
813 2670 920 2736 nostri
954 2689 1167 2736 exoneremur
1199 2670 1241 2735 ds
1275 2689 1372 2734 onere

326 2770 423 2837 dictae
445 2771 611 2861 cantaria,
633 2771 813 2838 secundum
835 2777 943 2837 ratam
972 2772 1132 2858 portionis
1153 2775 1315 2838 terrarum
1338 2775 1373 2837 01

327 2859 589 2939 tenementorum
619 2873 666 2939 sic
692 2880 970 2962 consumptorum,
994 2874 1184 2952 evictorum,
1204 2895 1373 2960 reeupera-

326 2981 434 3042 torum
464 2981 499 3042 et
530 2979 746 3041 vastatorum
792 2977 846 3058 Et,
884 2977 926 3042 ad
963 2975 1172 3042 securitatem
1210 2975 1371 3042 dictorum

325 3079 480 3144 cantariae
514 3085 549 3144 ct
580 3079 798 3144 anniversarii
830 3079 868 3143 in
900 3079 1006 3144 forma
1037 3077 1195 3165 praedicta
1230 3077 1373 3142 fideliter

326 3183 568 3268 imperpetuum
598 3181 832 3259 faciendorum,
862 3181 1077 3246 concessimus
1115 3179 1204 3244 dicto
1226 3179 1372 3244 Roberto

326 3287 361 3347 ct
392 3282 567 3348 heredibus
598 3284 666 3348 suis
698 3305 846 3348 annuum
879 3281 1045 3348 redditum
1076 3303 1107 3346 rr.
1141 3280 1299 3345 librarum
1331 3281 1372 3347 de

326 3385 471 3450 manerio
500 3392 613 3451 nostro
635 3386 676 3451 de
698 3385 858 3467 Amallia,
879 3407 918 3451 ae
947 3383 1063 3471 majori
1085 3389 1120 3449 et
1142 3383 1372 3449 communitati

326 3487 416 3592 villae
439 3487 479 3553 ds
502 3487 721 3577 Kyngestona
743 3510 841 3575 super
862 3487 975 3566 Rullo,
998 3493 1033 3554 et
1047 3485 1281 3554 suecessoribus
1295 3487 1372 3562 suis,

324 3591 352 3655 si
375 3590 483 3655 dictus
512 3591 679 3658 Robertus
700 3597 760 3656 aut
791 3590 924 3656 heredes
953 3591 1004 3656 sui
1026 3591 1062 3655 in
1083 3589 1244 3677 petitione
1267 3588 1371 3656 dicto·

325 3716 398 3759 rum
420 3693 570 3759 redditus
593 3699 628 3760 et
661 3716 771 3782 poenae
794 3693 996 3780 negligentes
1017 3693 1140 3759 fuerint
1168 3699 1203 3758 et
1234 3693 1370 3771 remissi,

326 3797 451 3862 dictum
473 3795 642 3861 redditum
665 3819 696 3864 x.
720 3797 879 3862 librarum
903 3796 943 3862 dc
966 3795 1054 3861 dieto
1077 3795 1222 3861 manerio
1244 3795 1371 3882 capien-

324 3899 412 3976 dum,
435 3899 464 3964 si
485 3921 546 3964 nos
572 3900 626 3965 vel
649 3921 847 3966 successores
873 3899 986 3979 nostri,
1010 3897 1120 3983 aliquo
1152 3897 1236 3976 dolo,
1257 3898 1371 3962 fraude

325 4003 378 4066 vel
400 4001 538 4079 malitia,
570 4007 685 4067 contra
706 4003 844 4069 formam
873 4001 1073 4088 praedictam,
1103 4022 1124 4064 a
1154 3999 1371 4066 celebratione

325 4103 421 4170 dietas
454 4103 610 4168 cantaria
633 4125 691 4190 per
713 4105 756 4168 xl.
781 4104 850 4169 dies
882 4102 1113 4170 cessaverimus
1141 4101 1196 4166 vel
1219 4100 1372 4167 defeceri-

325 4205 457 4270 masin
489 4204 661 4284 futurum3
700 4211 733 4271 01
764 4206 851 4292 quod
890 4227 948 4293 pro
978 4203 1067 4270 (11010
1095 4225 1205 4269 annuo
1239 4203 1371 4270 redditu

326 4306 522 4394 distringere
551 4311 684 4393 possent
716 4311 750 4374 et
784 4307 1007 4374 districtiones
1029 4307 1179 4386 retinere,
1201 4328 1370 4394 quousque

324 4409 367 4474 nd
391 4409 538 4476 debitam
561 4409 816 4476 celebrationem
831 4411 929 4476 dictae
944 4409 1099 4477 cantaria
1113 4410 1256 4476 reditum
1270 4409 1370 4474 fuerit

325 4512 361 4575 in
383 4509 488 4577 forma
509 4513 668 4599 praedicta
682 4512 926 4599 adimplendam
942 4518 976 4578 et
998 4511 1038 4578 de
1059 4513 1236 4579 cessatione
1258 4511 1369 4598 hujus·

326 4613 416 4680 modi
449 4615 661 4682 satisfactum.
724 4615 776 4682 Ile
810 4617 1007 4684 tenementis
1041 4621 1151 4682 autem
1184 4611 1370 4702 praedictis¹

359 4819 366 4853 ¹
384 4818 426 4871 De
444 4859 450 4871 .
470 4859 476 4872 .
492 4820 635 4888 predata]
658 4819 729 4883 Quid
746 4827 829 4872 0010111
845 4821 938 4876 factum
954 4820 1034 4874 fuerat
1050 4819 1081 4870 de
1098 4815 1171 4870 dictis
1182 4817 1370 4872 01010010

324 4899 422 4966 mentis,
434 4901 462 4952 P.
