3610 5890
455 865 500 928 58
690 877 789 929 6666
812 875 922 927 sense
945 879 1098 940 oumros
1120 879 1284 932 nncmus.

289 1045 599 1134 A.D.1srs.amplius
620 1067 734 1114 eorum
756 1048 946 1130 interfectis,
961 1071 1024 1116 rex
1047 1048 1232 1116 Edwardus
1255 1055 1289 1116 et
1311 1051 1363 1116 sui
1386 1051 1509 1139 singuli

288 1154 344 1247 ¹1⁰
356 1155 427 1218 ΕΗΒ·
456 1151 635 1216 incolumes
665 1157 902 1219 remanserunt.
957 1151 1004 1218 Et
1035 1153 1193 1219 continuo
1225 1153 1360 1241 Anglici
1394 1155 1508 1220 villam

288 1221 443 1350 ἕζξξῃᾶ
457 1253 497 1317 (16
521 1253 646 1338 Orotoy
670 1255 704 1318 et
735 1257 879 1319 castrum
911 1253 953 1318 de
976 1254 1086 1340 Noyel
1112 1261 1320 1341 acceperunt.
1366 1256 1508 1342 Ipsoque

288 1354 330 1403 ‘he
343 1355 420 1442 esse
457 1355 510 1420 die
533 1354 688 1440 apparuit
710 1355 821 1420 subito
844 1376 905 1420 rex
920 1355 1094 1442 Philippus
1117 1377 1192 1421 cum
1207 1357 1355 1422 exercitu
1370 1359 1507 1443 copioso.

289 1419 434 1552 qfhppyaqpl
457 1458 558 1522 Unde
592 1477 653 1522 rex
687 1458 870 1524 Edwardus
908 1479 1060 1544 campum
1097 1459 1249 1545 arripuit,
1281 1459 1341 1523 ubi
1379 1459 1507 1524 dictum

288 1553 435 1668 ponpppped
457 1559 646 1646 Philippum
670 1559 706 1623 in
729 1559 817 1624 diem
843 1559 986 1624 alterum
1015 1561 1177 1645 usquein
1200 1581 1372 1646 vesperam
1395 1565 1504 1626 atten-

289 1634 378 1736 616(
404 1635 430 1684 '³’
456 1661 564 1725 essue.
609 1660 683 1741 ees,
708 1661 862 1748 Philippo
884 1683 999 1727 versus
1021 1661 1312 1727 substernam
1337 1663 1505 1740 sennense,

288 1753 442 1838 ¹3¹80⁸¹¹¹¹l
456 1762 640 1827 Edwardus
662 1783 722 1827 rex
752 1785 864 1828 versus
888 1763 1016 1848 Oressy,
1040 1764 1083 1828 ad
1106 1765 1212 1828 solum
1235 1765 1407 1850 proprium
1432 1765 1507 1849 jure

288 1821 402 1935 pppapq
455 1864 655 1930 hereditario
696 1865 760 1929 sibi
798 1865 948 1931 debitum
985 1865 1028 1930 ab
1065 1865 1213 1951 antiquo,
1248 1887 1283 1931 se
1318 1866 1433 1946 traxit,
1468 1871 1507 1932 ut

289 1960 399 2083 32¹th
455 1967 563 2052 ipsum
598 1966 790 2053 Philippum
829 1989 871 2032 ex
909 1965 1015 2032 altere
1047 1971 1141 2053 parte
1179 1969 1310 2033 forestae
1344 1968 1504 2033 obviaret.

383 2056 390 2070 ⁹
456 2069 527 2134 Ubi
549 2089 609 2132 rex
629 2069 824 2148 Edwardus,
841 2069 934 2154 equis
956 2069 1024 2133 suis
1047 2074 1081 2134 61
1103 2069 1256 2156 oariagiis
1278 2075 1353 2156 post
1375 2075 1506 2156 tergum

455 2170 606 2246 dimissis,
636 2192 679 2234 66
701 2171 753 2234 661
779 2169 915 2234 liberius
945 2170 987 2234 ad
1018 2171 1131 2257 fugam
1163 2171 1384 2248 convolarent,
1414 2191 1506 2237 exer·

455 2272 589 2356 situque
611 2291 671 2335 suo
693 2271 730 2334 in
752 2276 820 2337 tres
849 2271 935 2336 acies
958 2272 1075 2353 diviso,
1099 2273 1187 2339 inter
1209 2273 1323 2338 villam
1350 2278 1385 2338 et
1407 2273 1507 2338 fores·

454 2377 525 2437 tom
548 2374 588 2438 (16
613 2371 734 2458 Cressy
757 2395 909 2459 campum
941 2373 1117 2461 praelegit.
1165 2375 1208 2440 Ι6
1240 2375 1314 2441 16116
1343 2375 1506 2461 siquidem

456 2474 564 2538 tribus
596 2471 727 2539 aciebus
750 2478 848 2555 &000
878 2475 1048 2540 hominum
1072 2477 1115 2540 ad
1147 2495 1239 2542 arma
1260 2478 1396 2542 fuerunt
1420 2481 1506 2543 tote-
1597 2483 1602 2493 '

455 2577 533 2640 liter
566 2577 733 2656 aestimati,
756 2578 830 2642 aliie
853 2577 932 2643 hinc
963 2577 1040 2642 inde
1068 2578 1238 2664 dispositis
1261 2580 1302 2644 de
1325 2581 1506 2666 sagittariis

288 2691 371 2741 Batus
383 2691 413 2740 of
457 2677 655 2744 constitutis.
711 2680 757 2743 Et
794 2681 864 2766 ipso
896 2679 1061 2745 Eduardo
1092 2681 1139 2746 sic
1172 2702 1246 2746 cum
1278 2682 1346 2746 suis
1383 2681 1506 2746 ibidem

289 2757 402 2889 gfflp
456 2781 648 2858 constituto,
671 2781 808 2846 sabbato
832 2784 874 2847 26
899 2781 952 2846 (116
967 2780 1121 2866 Augusti,
1146 2803 1216 2848 6666
1239 2783 1410 2868 Philippus
1432 2803 1506 2847 oum

458 2887 578 2961 30‚000
601 2887 805 2948 armatorum
828 2889 862 2948 61
885 2883 1179 2950 communitatibus
1201 2884 1506 2963 innumerabilibus,

456 2985 571 3050 ordine
593 2985 761 3072 disposito,
785 2985 974 3073 apparebat.
1021 2985 1140 3072 Ibique
1173 2987 1215 3051 ab
1249 2987 1331 3051 hora
1355 3007 1506 3072 vespero-

452 3107 529 3151 rum
561 3109 665 3174 usqus
697 3089 742 3153 ed
772 3091 904 3154 noctem
935 3087 1090 3154 continue
1122 3089 1342 3156 decertarunt.
1388 3087 1506 3152 Franci

456 3194 569 3254 sutem
592 3190 633 3255 de
655 3191 767 3256 tribus
801 3192 913 3256 cuneis
939 3211 1042 3256 unam
1074 3191 1177 3256 aciem
1207 3191 1505 3256 6661666666(-

456 3293 637 3377 ponebant,
669 3299 704 3358 61
735 3289 921 3380 Anglorum
952 3295 1094 3380 primam
1125 3293 1236 3371 eciem,
1268 3294 1305 3358 in
1335 3313 1400 3378 quo
1434 3295 1506 3354 eret

457 3394 643 3460 Edwardus
681 3394 839 3480 Princeps
870 3395 1008 3474 Walliae,
1041 3396 1127 3482 regis
1165 3395 1348 3462 Edwardus
1385 3393 1505 3479 primo-

289 3503 403 3568 Appear·
456 3497 597 3581 genitus‚
613 3497 720 3560 acrius
734 3497 946 3563 invadebant.
978 3498 1024 3562 Et
1038 3499 1152 3562 statim
1168 3498 1344 3563 videbatur
1358 3495 1505 3560 maxima

286 3569 413 3685 EQ?
456 3597 638 3662 multitudo
660 3617 833 3664 corvorum
862 3605 897 3665 61
919 3600 1085 3665 cornicum
1115 3601 1369 3686 circumquaque
1389 3597 1511 3662 volam.

286 3714 371 3778 eroes·
456 3697 543 3762 tium
582 3704 617 3763 st
654 3702 888 3767 crocitantium
926 3723 1026 3788 super
1059 3699 1218 3782 Francos;
1252 3707 1286 3766 ct
1316 3700 1503 3766 tonitrunm

287 3766 409 3883 ξξέξξῗὲ
455 3798 638 3864 terribilem
672 3799 724 3866 bis
762 3807 936 3868 tonantem
974 3803 1098 3889 pluvia,
1131 3825 1205 3890 quae
1238 3803 1408 3890 pulvorem
1446 3823 1504 3887 per

287 3898 394 3949 menen.
454 3900 543 3966 aiera
563 3902 712 3968 levatum
744 3905 870 3989 dejecit,
894 3905 1099 3990 sequebatur.
1146 3907 1217 3972 Nec
1246 3907 1376 3993 pluerat
1406 3923 1504 3990 super

287 3963 372 4080 {ff
383 3967 414 4016 οἰ
454 4005 692 4069 terramillam
715 4007 811 4071 adis
834 4007 1503 4095 quorexEdwerdusregnumFranciae

453 4105 618 4192 ingressus
649 4112 708 4188 est,
744 4129 802 4193 per
836 4113 855 4175 6
888 4108 1044 4175 videlicet
1077 4111 1277 4195 septimanas
1308 4117 1343 4175 et
1374 4113 1395 4176 3
1422 4110 1500 4176 dios

286 4210 379 4263 nerea
389 4214 421 4264 of
455 4206 531 4286 Sed,
561 4229 646 4295 saepe
679 4211 716 4273 in
749 4211 905 4276 conflictu
936 4211 1060 4299 repulsi
1095 4213 1215 4278 Franci
1248 4217 1283 4277 61
1318 4212 1437 4298 saepius
1468 4233 1502 4276 66

286 4277 441 4332 rhemmon
453 4309 646 4388 relevantes,
677 4313 822 4390 tandem,
846 4313 1002 4379 veniente
1034 4313 1183 4400 episcopo
1217 4313 1432 4378 Dunelmensi
1465 4314 1502 4377 in

452 4412 615 4477 auxilium
649 4413 808 4480 Edwardi
841 4415 1005 4502 Principis
1037 4415 1175 4494 Walliae,
1199 4416 1281 4482 victi
1312 4421 1400 4481 sunt.
1457 4415 1502 4479 Et

452 4514 625 4602 Philippus
640 4515 774 4603 quidem
797 4517 844 4582 sio
860 4517 932 4603 jam
954 4517 1055 4583 tertio
1075 4519 1229 4583 confusus
1251 4525 1286 4584 61
1301 4517 1501 4594 vulneratus,

450 4617 653 4704 perpendens
691 4641 766 4685 suos
803 4619 982 4684 subsistere
1019 4641 1088 4686 non
1126 4622 1244 4700 valere,
1277 4621 1339 4686 sub
1376 4615 1530 4686 vexillo'

451 4717 609 4802 Dolphini
632 4721 674 4787 de
688 4721 848 4787 Alvernia
870 4723 1001 4809 fugiens
1016 4721 1192 4788 Ambianis
1215 4743 1249 4788 se
1271 4722 1401 4808 recepit.
1441 4721 1501 4785 Sui
