3546 5872
422 899 505 963 lxxx
855 905 1042 956 sannunsx.

425 1084 511 1146 Item,
531 1079 653 1136 baculus
671 1080 747 1135 alius
766 1083 933 1150 organicus,
953 1096 1021 1133 cum
1040 1075 1135 1146 capilo
1153 1091 1261 1147 cupreo
1280 1077 1310 1129 at
1326 1074 1474 1130 deaurato.

425 1167 512 1230 Item,
532 1165 655 1220 baculus
672 1165 789 1236 ligneus
809 1163 952 1234 depictus,
966 1179 1036 1216 cum
1054 1160 1149 1230 capita
1162 1175 1271 1230 cupreo
1283 1163 1315 1214 sl
1326 1157 1474 1221 deaurato,

425 1265 493 1304 cum
510 1248 607 1304 tribus
625 1247 711 1318 pallis
729 1247 766 1302 ad
785 1246 911 1303 cosdem.
944 1245 1031 1310 Item,
1052 1246 1141 1316 caput
1163 1260 1256 1298 unum
1272 1241 1405 1313 ligneum
1423 1258 1477 1312 pro

424 1331 529 1386 baculo
547 1331 687 1401 pastorali
704 1330 862 1402 depictum.
906 1328 993 1392 Item,
1006 1327 1142 1382 urceolus
1155 1344 1223 1382 oum
1235 1343 1312 1396 aqua
1323 1325 1478 1380 benedicta

425 1418 591 1486 argenteus,
611 1431 678 1468 oum
697 1413 861 1484 aspersorio
879 1417 1027 1483 organico.
1081 1409 1244 1465 Thuribula
1261 1414 1401 1480 argentea
1417 1408 1477 1462 duo

425 1497 574 1561 deaurata,
595 1514 662 1552 cum
680 1513 776 1568 puppo
794 1499 936 1567 argentea
953 1499 984 1550 cl
1000 1511 1059 1550 uno
1077 1493 1200 1549 cocleari
1218 1499 1356 1564 argenteo
1375 1509 1474 1562 parvo.

426 1581 512 1645 Iliam,
539 1581 628 1635 mitra
658 1579 839 1651 episcopalis,
859 1595 928 1634 cum
958 1577 1097 1633 sandaliis
1129 1576 1351 1648 episcopalibus.
1390 1576 1475 1638 Iiom,

426 1663 502 1720 calix
514 1681 622 1719 aureus
640 1681 765 1734 magnus
780 1661 802 1733 j.
840 1662 926 1726 Item,
946 1661 1052 1717 calices
1076 1661 1128 1716 alii
1146 1661 1248 1731 magni
1264 1677 1319 1731 pro
1337 1658 1478 1715 altaribus

426 1747 458 1801 in
475 1747 613 1802 universo
631 1746 733 1817 xviij.;
751 1744 788 1800 dc
807 1745 923 1816 quibus,
944 1743 982 1798 ad
1000 1743 1141 1815 capellam
1153 1748 1236 1798 extra
1252 1747 1367 1814 portam
1385 1741 1426 1813 ij„
1440 1739 1479 1795 ad

426 1829 566 1900 capellam
584 1831 615 1883 in
626 1829 713 1884 bosco
722 1827 756 1899 j.,
770 1827 849 1898 apud
867 1825 1043 1897 Oiringham
1052 1826 1087 1897 j.,
1102 1831 1132 1881 at
1149 1825 1227 1898 apud
1245 1825 1443 1897 Esyngionam
1452 1823 1477 1894 j.

425 1913 513 1978 Ilcm,
533 1912 636 1968 calices
655 1911 740 1983 parvi
751 1928 806 1982 pro
824 1909 1026 1966 communione
1038 1909 1069 1981 ij.
1113 1909 1200 1974 Ilum,
1214 1907 1319 1980 phiala
1332 1913 1478 1979 argentea

425 1997 477 2060 vi,
498 2012 624 2065 quarum
653 1993 719 2049 duae
745 1999 815 2049 suni
838 1993 996 2048 deauratas.
1042 1991 1129 2057 Item,
1155 2009 1251 2062 cuppa
1280 1995 1420 2062 organica
1449 1995 1480 2044 cl

427 2079 567 2133 deaurata
595 2095 648 2149 pro
678 2077 774 2132 hostia
802 2074 968 2147 reponenda
994 2073 1032 2130 ad
1056 2073 1310 2130 communicandos
1339 2073 1479 2128 infirmos.

428 2161 585 2217 Offerloria
603 2161 721 2224 duaci
738 2159 795 2214 alia
812 2159 844 2214 in
862 2157 987 2214 ecclesia
1003 2158 1071 2213 iria.
1118 2157 1271 2213 Pectincs¹
1291 2157 1426 2212 eburneas
1447 2155 1479 2226 ij.

397 2251 401 2262 ’
427 2245 517 2299 Petra
545 2262 612 2308 una,
633 2261 699 2314 quaa
729 2242 838 2297 dicitur
864 2241 930 2298 lica.
976 2241 1062 2306 Item,
1094 2241 1158 2297 ollae
1188 2241 1294 2298 fictiles
1323 2258 1377 2312 pro
1405 2257 1480 2312 panc

427 2327 591 2399 reponendo
609 2342 638 2381 v.

755 2508 795 2564 Ia
812 2507 957 2579 ctiuitpulo
975 2507 1009 2563 iu
1026 2507 1150 2564 ccclesia.

464 2637 681 2696 Vosiimanlum
708 2655 800 2692 unum
824 2637 984 2709 principale
1002 2637 1102 2692 album
1124 2655 1195 2694 auro
1214 2643 1391 2704 contextum,
1412 2653 1480 2692 cnm

428 2741 488 2777 una
506 2739 578 2792 capa
596 2720 740 2777 consimili
759 2725 789 2775 el
807 2720 921 2796 duabus
941 2720 1006 2775 aliis
1028 2721 1107 2792 capis
1125 2721 1210 2786 albis,
1224 2739 1292 2777 cum
1310 2723 1408 2777 amitis
1427 2739 1480 2792 pro

430 2807 542 2862 codem.
580 2807 667 2870 Item,
686 2807 896 2861 vestimentum
924 2805 1005 2860 aliud
1025 2805 1125 2860 album
1151 2805 1302 2878 integrum
1323 2806 1359 2861 do
1382 2805 1481 2860 blodio

430 2890 546 2946 valvebo
571 2907 639 2945 oum
656 2889 770 2945 *stollis
796 2889 893 2944 aureis
918 2889 1059 2952 consulis,
1080 2889 1129 2944 al‘
1153 2907 1214 2944 una
1238 2907 1310 2961 capa
1336 2889 1482 2945 consimili

430 2990 484 3044 pro
502 2973 613 3028 codem.
653 2972 739 3037 Rem,
753 2972 964 3028 vestimentum
979 2970 1101 3026 tortium
1119 2973 1156 3027 do
1175 2972 1308 3044 dyaspyn
1325 2990 1397 3028 auro
1415 2990 1482 3028 con·

430 3061 552 3121 textum,
572 3073 640 3110 cum
658 3073 731 3126 caps
748 3053 903 3110 consimili.
935 3054 1023 3118 Item,
1036 3055 1244 3110 vestimanium
1262 3055 1344 3111 aliud
1361 3057 1481 3127 nigrum

431 3139 467 3194 do
486 3139 580 3194 serico
597 3156 651 3210 pro
669 3137 838 3192 mortuariis
858 3135 1049 3200 solennibus,²
1066 3154 1135 3192 cum
1152 3138 1249 3193 tribus
1268 3139 1348 3209 capis
1367 3143 1397 3194 cl
1415 3138 1481 3193 aliis

430 3223 623 3295 pertinentiis.
674 3221 761 3288 Item,
794 3221 896 3276 casula
932 3236 1022 3274 aurea
1047 3218 1071 3291 j.
1103 3237 1170 3275 cum
1200 3239 1259 3276 una
1289 3222 1364 3286 alba,
1396 3221 1482 3292 cujus

430 3324 547 3378 parurae
567 3311 636 3362 sunl
655 3307 691 3361 do
710 3305 804 3360 serico
824 3308 888 3358 suco
907 3320 975 3358 cum
993 3303 1195 3373 imaginibus.³
1231 3303 1317 3370 Item,
1332 3305 1389 3360 alia
1405 3305 1481 3369 alba,

431 3391 515 3461 cujus
535 3407 650 3460 parurae
670 3393 740 3444 sunl
766 3387 865 3442 rubcae
883 3387 984 3442 linctus
1002 3403 1070 3440 oum
1095 3387 1174 3443 soliis
1193 3389 1343 3459 argenteis
1368 3395 1398 3445 et
1422 3389 1483 3444 avi·

430 3473 495 3528 bus.
532 3473 620 3536 Ibam,
641 3470 742 3526 casula
766 3487 825 3524 una
849 3469 886 3522 do
911 3469 1044 3540 dyaspyn
1067 3469 1182 3534 viridis,
1203 3489 1272 3526 oum
1292 3490 1351 3526 una
1368 3472 1435 3527 alba
1452 3477 1483 3528 ct

432 3556 522 3609 amita
540 3559 570 3608 si
589 3553 703 3607 duabus
721 3553 831 3608 tunicis
850 3552 984 3622 ejusdem
1003 3557 1099 3608 seclus.
1138 3553 1225 3620 Iliam,
1246 3556 1347 3611 casula
1364 3574 1423 3610 una
1445 3555 1482 3610 dc

432 3637 522 3692 viridi
552 3636 678 3699 velvoio,
707 3651 775 3690 cum
801 3634 867 3689 alba
897 3639 927 3690 el
957 3635 1056 3699 amica,
1085 3653 1153 3691 oum
1182 3639 1299 3708 paruris
1327 3639 1364 3694 dc
1393 3639 1483 3694 viridi

431 3719 548 3776 volusio
567 3722 700 3773 contexto
719 3735 787 3772 oum
805 3735 955 3788 papegeys
968 3723 999 3772 et
1010 3719 1189 3789 margaritis.
1226 3721 1313 3786 Item,
1332 3727 1392 3777 tres
1405 3721 1480 3777 albae

432 3820 500 3858 cum
527 3801 634 3866 amitis,
656 3817 782 3872 quarum
806 3817 922 3871 parurae
950 3806 1019 3855 suni
1043 3801 1079 3856 do
1103 3803 1202 3858 blodio
1231 3805 1349 3860 salvato
1372 3805 1484 3861 intexio

433 3903 501 3940 cum
519 3884 685 3956 grifonibus
703 3883 740 3939 de
758 3901 840 3950 auro,
861 3901 928 3938 oum
948 3884 1031 3939 siclis
1051 3891 1081 3940 ol
1098 3887 1264 3958 manipulis.
1301 3887 1388 3952 Itum,
1402 3888 1484 3943 aliud

433 3969 641 4024 vestimentum
668 3967 820 4037 integrum
845 3965 881 4020 ds
906 3966 997 4022 viridi
1023 3967 1150 4034 volusio,
1177 3988 1245 4026 cum
1275 3988 1347 4042 capa
1376 3977 1485 4040 prator

433 4051 627 4121 manipulum.
665 4049 752 4114 Item,
772 4049 873 4104 casula
884 4068 943 4104 una
961 4049 997 4104 dc
1017 4053 1124 4107 samita
1140 4054 1241 4118 rubea,
1256 4072 1323 4109 cum
1341 4055 1359 4108 2
1377 4055 1485 4112 tunicis

434 4133 470 4188 da
490 4138 576 4202 satyn
593 4138 624 4188 si
647 4132 744 4186 tribus
770 4131 943 4196 albiacum
971 4133 1054 4189 stolis
1083 4141 1113 4190 ei
1138 4137 1297 4208 manipulis
1316 4137 1352 4192 dc
1371 4139 1483 4202 codam,

435 4223 465 4271 al
489 4233 555 4271 oum
578 4216 674 4270 iribus
702 4216 769 4270 aliis
795 4215 869 4269 albis
897 4217 1045 4286 parmulis
1073 4219 1110 4273 ds
1135 4220 1226 4275 rubeo
1253 4221 1369 4276 volvcto
1393 4222 1486 4277 cincto

435 4317 502 4354 cum
528 4299 724 4368 imaginibus³
750 4303 780 4353 ab
805 4298 900 4369 cignis
930 4304 960 4354 si
990 4300 1078 4356 foliis.
1129 4302 1215 4368 Item,
1242 4304 1308 4359 alba
1334 4322 1485 4360 unacum

436 4382 525 4436 amita
542 4388 680 4452 parmata
698 4381 734 4436 dc
760 4381 885 4436 scarleto
911 4382 1004 4437 tincta
1031 4401 1099 4438 cum
1123 4385 1291 4456 virginibus
1316 4387 1347 4442 in
1374 4393 1482 4444 castro.

436 4465 523 4530 Item,
544 4464 646 4520 casula
663 4482 722 4519 una
733 4463 769 4518 do
788 4464 855 4519 albo
874 4465 976 4530 scrico,
991 4483 1057 4520 oum
1070 4468 1188 4538 paruris
1207 4475 1237 4524 et
1255 4470 1323 4525 aliis
1341 4471 1489 4541 portinen-

470 4691 617 4756 ¹Pcctines]
632 4689 790 4742 Pectcnesin
802 4691 858 4741 MS.
1015 4693 1197 4762 iimupim'lms]
1212 4696 1479 4764 ymaginibuainMS.

472 4769 483 4800 ²
494 4769 645 4834 solennibus]
669 4769 838 4834 solempnibus
849 4769 875 4819 in
886 4769 941 4822 MS.
