3610 5890
448 863 491 924 50
682 870 778 919 auco
801 865 910 917 naurs
932 865 1086 926 oumrus
1108 861 1272 914 anemos.

450 1184 529 1249 One.
553 1180 647 1246 XVI.
670 1179 720 1244 Dc
743 1177 917 1244 obsidione
938 1175 1031 1242 oitloo
1053 1174 1093 1240 da
1115 1173 1227 1240 Voneo
1250 1179 1280 1237 et
1292 1168 1498 1258 profectione

537 1283 627 1368 nepio
638 1278 856 1347 Edwardiin
867 1276 1124 1356 Britanniam
1140 1273 1182 1342 de
1197 1281 1315 1358 trenpo
1324 1269 1499 1338 triennali

539 1385 586 1451 nd
623 1381 832 1450 instantiam
863 1377 1125 1457 cardinalinni;
1170 1376 1210 1441 de
1247 1373 1500 1461 conspiratione

539 1485 667 1572 sopiam
689 1482 848 1550 Francia
862 1481 905 1547 in
926 1487 1067 1546 metent
1089 1477 1178 1563 repis
1200 1475 1378 1556 Eduardi,
1403 1481 1433 1540 et
1458 1473 1499 1539 dc
1579 1469 1582 1482 '

541 1591 729 1674 tempestate
750 1584 795 1652 in
824 1583 948 1662 mori;
979 1581 1019 1647 obe
1037 1579 1241 1667 profectione
1259 1597 1443 1666 proceram
1456 1575 1501 1641 in

540 1687 693 1756 Section
703 1711 717 1766 ;
763 1686 802 1752 de
839 1683 1057 1750 remeationa
1102 1681 1227 1748 tobalea
1263 1679 1423 1748 rotanda
1457 1677 1501 1742 in

541 1793 697 1879 Anplin;
720 1799 750 1857 ct
772 1792 812 1857 de
835 1812 925 1857 noco
939 1787 1079 1875 sobrino
1101 1809 1297 1855 anconam.

287 1970 355 2020 ΑΒ.
369 1974 440 2018 1341.
500 1951 649 2027 Interim,
672 1950 752 2016 dum
774 1946 968 2034 praescripta
993 1945 1122 2010 obsidio
1147 1943 1288 2010 Tornaci
1311 1943 1501 2020 haberetur,

288 2048 422 2128 Therme
455 2052 629 2138 Philippus
651 2051 692 2116 de
707 2049 839 2114 Valesio
861 2069 921 2114 rex
944 2047 1092 2112 Franciae
1110 2045 1299 2132 [dominum
1314 2044 1502 2110 Johaunem

286 2115 442 2244 ‘5³13in
455 2155 495 2220 de
518 2152 721 2218 Monteforte
744 2151 860 2216 ducam
891 2148 1090 2236 Britanniae]
1122 2147 1165 2212 ad
1195 2169 1230 2212 se
1252 2146 1385 2234 pacifice
1417 2145 1503 2209 invi-

287 2246 428 2362 Efyfflelg
454 2261 573 2333 tatum,
611 2275 671 2341 pro
717 2274 755 2318 co
801 2252 888 2338 quod
927 2255 1041 2316 contra
1077 2271 1189 2336 regem
1226 2248 1359 2335 Angliae
1395 2246 1504 2312 noluit

455 2358 606 2434 militare,
631 2359 764 2443 captum
794 2352 1021 2420 incarceravit.
1079 2351 1146 2432 Qui
1168 2351 1304 2416 tandem
1338 2371 1454 2415 evasus
1485 2371 1505 2412 a

288 2473 427 2522 aurenca
456 2480 582 2526 carcere
626 2458 664 2522 in
701 2454 857 2542 Angliam
895 2454 1051 2540 fugiebat.
1113 2453 1185 2520 Nec
1222 2453 1284 2518 hoc
1320 2455 1505 2527 contentae,

289 2541 445 2656 ffifflff
458 2557 817 2646 Philippus‘Ducissam
840 2555 1032 2633 Britanniae,
1049 2555 1086 2621 in
1108 2555 1227 2640 oppido
1251 2555 1292 2620 de
1315 2553 1417 2640 Bryst
1432 2574 1506 2618 cum

289 2671 359 2749 aloia
370 2673 412 2722 be-
459 2666 557 2744 4‚000
574 2661 709 2726 armatis
724 2664 758 2725 et
775 2661 872 2741 1,400
888 2657 1115 2724 Januensibus
1128 2656 1384 2722 arcubalisteriis
1399 2655 1506 2721 obses-

291 2738 440 2854 ffffffihgf
459 2787 538 2843 sam,
566 2762 790 2850 expugnabat,
816 2760 939 2826 Karolo
962 2760 1002 2824 de
1025 2758 1136 2846 Bloys,
1157 2759 1214 2844 qui
1238 2764 1318 2824 tunc
1350 2759 1508 2826 ducatum

291 2869 416 2984 prpnny
461 2866 646 2932 Britanniae
676 2863 883 2942 vendicabat,
907 2863 953 2927 eis
983 2861 1156 2946 capitaneo
1188 2861 1378 2928 constituto.
1435 2859 1508 2924 Hoc

291 2943 411 3064 ssdvffi'
461 2972 636 3056 comperto,
674 2987 749 3030 cum
783 2969 899 3050 treuga
929 2962 1109 3044 triennalis,
1143 2967 1184 3027 ut
1215 2962 1398 3048 praefertur,
1420 2961 1509 3048 apud

292 3070 669 3158 morosneThornaoum
691 3072 772 3134 tunc
794 3067 941 3134 discursu
962 3065 1077 3131 luisset
1100 3064 1250 3132 totaliter
1265 3069 1300 3130 et
1322 3065 1427 3144 finita,
1450 3087 1509 3130 rex

292 3153 398 3274 ἕξω,
462 3173 593 3259 Angliae
616 3170 809 3250 Edwardus,
826 3189 977 3236 concessa
991 3167 1057 3232 sibi
1079 3167 1171 3254 prius
1193 3167 1320 3234 decima
1342 3165 1454 3232 annali
1469 3169 1510 3232 de

292 3281 393 3358 andra
461 3273 696 3361 temporalibus
719 3276 754 3338 et
783 3269 1020 3357 spiritualibus
1042 3269 1107 3335 iter
1128 3291 1225 3334 suum
1255 3290 1369 3336 versus
1402 3274 1510 3356 portes

292 3347 372 3462 iffi}
463 3376 700 3442 transmarinas
730 3371 934 3459 disponebat,
958 3377 992 3436 et
1022 3373 1177 3436 comitem
1210 3370 1510 3458 Northamptoniae,

294 3477 384 3658 a
463 3479 627 3643 inl
864 3473 1512 3662 libentinam

305 3646 313 3672 ’
464 3679 607 3744 Karalus
629 3682 669 3744 ut
692 3676 854 3762 cognovit,
871 3676 1074 3742 obsidionem
1096 3676 1240 3763 reliquit,
1255 3676 1389 3764 ipseque
1411 3683 1446 3742 et
1461 3678 1513 3744 sui

465 3779 602 3864 dispersi
624 3801 645 3844 a
665 3777 749 3844 facie
770 3777 964 3865 Anglorum,
980 3779 1131 3864 pluribus
1153 3778 1299 3846 letaliter
1321 3779 1513 3846 vulneratis.

295 3891 453 3956 Hebeneges
466 3881 532 3946 Sed
555 3886 589 3945 et
610 3901 697 3944 unus
720 3879 813 3944 miles
827 3880 986 3966 Anglicus
1008 3881 1097 3946 solus
1112 3881 1230 3948 cecidit
1244 3882 1301 3946 illo
1316 3881 1378 3947 die.
1425 3883 1514 3963 Quos

297 3958 408 4008 ΜΝ·
464 4005 524 4048 rex
547 3983 731 4048 Edwardus
753 3987 884 4048 secutus
906 3987 956 4048 est
978 3983 1015 4047 in
1037 3982 1254 4062 Britanniam,
1277 3989 1311 4048 et
1333 3983 1450 4048 villam
1474 3985 1514 4050 dc

465 4086 576 4150 Vanes
598 4085 634 4148 in
656 4084 778 4158 cadem,
794 4105 893 4169 quam
909 4084 1125 4171 Francigenes
1147 4085 1360 4172 occupabant,
1376 4087 1513 4165 obsedit,

466 4193 500 4252 et
522 4209 579 4272 per
601 4186 730 4251 crebros
752 4185 896 4252 insultus
919 4187 1038 4252 acriter
1069 4185 1282 4274 expugnavit,
1306 4193 1345 4253 ut
1377 4210 1420 4255 ex
1452 4189 1515 4254 hoc

465 4289 626 4354 excitaret
649 4287 839 4374 Philippum
869 4287 909 4354 de
933 4287 1065 4355 Valesio
1091 4290 1189 4354 citius
1218 4290 1262 4355 ad
1291 4290 1515 4377 pugnandum.

466 4391 607 4456 Interim
622 4390 765 4478 Anglici,
779 4411 838 4476 per
861 4393 903 4456 30
926 4391 1039 4478 leugas
1054 4395 1089 4456 et
1112 4391 1253 4479 amplius
1267 4391 1356 4456 infra
1377 4415 1516 4480 regnum

466 4493 615 4560 Francia
637 4492 763 4579 patrias
787 4493 1024 4579 depredantes,
1055 4494 1176 4580 oppida
1198 4494 1342 4581 plurima
1374 4517 1432 4582 per
1465 4497 1517 4560 in-

295 4599 401 4678 Bythe·
464 4596 616 4660 caudium
647 4598 873 4660 vastaverunt
926 4594 1067 4660 Tantam
1098 4601 1210 4660 autem
1233 4597 1351 4684 patriae
1382 4597 1518 4664 subver-

297 4668 437 4786 ffifiss,
465 4698 589 4764 sionem
612 4697 764 4763 dominus
779 4719 865 4784 papa
879 4698 1091 4784 perpendens,
1114 4702 1148 4762 et
1170 4698 1278 4784 plebis
1293 4697 1517 4767 confusionem
