3610 5890
585 871 684 921 auco
706 871 815 923 nassa
837 875 990 935 qumans
1014 877 1173 926 bacmos.
1361 867 1403 932 67

351 1039 405 1104 die
428 1041 582 1129 Augusti,
606 1066 683 1132 rege
706 1047 873 1120 Eduardo
905 1049 941 1112 in
975 1048 1103 1114 excelso
1124 1049 1195 1114 loco
1218 1048 1403 1114 constituto
1416 1065 1484 1118 Ap.
1500 1073 1571 1120 ιω.

351 1147 387 1207 et
423 1151 585 1230 apparatu
622 1148 710 1234 regis
750 1155 944 1235 praeparato,
984 1151 1153 1216 Johannes
1192 1151 1233 1216 de
1277 1151 1404 1216 Vienna
1417 1144 1557 1212 ⁰²¹²¹¹¹0¹1r

351 1245 453 1326 miles,
485 1250 677 1335 capitaneus
714 1251 804 1317 villae
834 1252 1040 1339 supradictae,
1077 1275 1194 1340 gerens
1227 1255 1264 1318 in
1301 1275 1402 1320 manu
1415 1213 1563 1339 qetntpprpm·

349 1348 498 1434 gladium
528 1373 588 1438 per
621 1353 800 1440 pugionem
836 1355 1058 1442 evaginatum,
1091 1356 1215 1435 villam,
1248 1345 1552 1434 astruamur

348 1449 456 1517 claves
479 1455 659 1520 eorundem
691 1459 726 1520 et
758 1455 912 1543 seipsum,
934 1457 1080 1523 reddidit
1101 1459 1201 1545 regiae
1224 1459 1400 1524 voluntati.

350 1552 476 1620 Milites
500 1558 635 1643 quidem
670 1559 778 1645 ipsum
812 1565 987 1645 sequentes
1019 1581 1078 1647 pro
1101 1562 1216 1648 seipsis
1247 1567 1282 1628 et
1315 1584 1402 1628 com·

346 1658 555 1725 militonibus
585 1661 662 1742 suis,
700 1662 864 1728 solidariis
893 1663 980 1728 infra
1014 1664 1130 1730 villam
1165 1665 1317 1745 dimbsia
1353 1665 1401 1730 sic

347 1759 505 1829 fecerunt.
551 1764 737 1851 Burgenses
760 1765 921 1844 similiter,
944 1765 1086 1851 quilibet
1107 1767 1217 1832 nudus
1231 1771 1338 1853 caput,
1363 1767 1400 1830 in

348 1865 462 1930 tunica
489 1887 557 1930 non
587 1866 782 1947 succinctus,
816 1867 941 1933 habens
974 1868 1011 1932 in
1042 1869 1124 1934 collo
1147 1869 1270 1950 funem,
1293 1869 1400 1955 plexis

346 1965 487 2052 genibus
518 1968 640 2054 seipsos
670 1973 705 2034 ot
737 1973 845 2035 totam
879 1967 970 2035 villae
1004 1969 1277 2036 communitatem
1308 1969 1400 2057 regio

343 2067 471 2152 judicio
502 2068 722 2136 tradiderunt.
785 2069 915 2150 Quibus
947 2068 1056 2136 vitam
1088 2077 1124 2139 et
1154 2071 1303 2137 membra
1337 2071 1400 2137 cle-
1413 2089 1523 2141 Edwaro

347 2171 473 2235 mentia
510 2172 600 2258 regia
637 2173 780 2238 contulit
816 2171 970 2259 gratiose,
1004 2171 1132 2258 adjecto
1167 2173 1255 2259 quod
1288 2195 1400 2238 omnes
1413 2221 1510 2272 inhau-

347 2271 605 2372 ejusdemvillae
628 2275 801 2362 utriusque
824 2295 921 2340 sexus
943 2273 1059 2342 incolae
1082 2273 1213 2342 exirent
1228 2276 1270 2340 de
1286 2273 1400 2340 eadem
1413 2241 1499 2340 airu.1

348 2395 520 2462 nunquam
542 2382 660 2464 postea
681 2379 853 2456 reversuri,
879 2377 992 2443 omnia
1013 2377 1101 2444 bona
1123 2399 1183 2443 sua
1206 2373 1343 2443 mobilia
1365 2379 1400 2442 et

344 2475 529 2544 immobilia
557 2479 595 2544 in
617 2481 686 2544 suis
709 2477 862 2546 domibus
884 2479 1118 2566 relinquentes,
1141 2477 1288 2565 exceptis
1311 2477 1399 2543 mili·

346 2578 447 2660 tibus,
482 2581 645 2646 solidariis
678 2585 712 2647 et
746 2577 944 2668 quibusdam
976 2581 1066 2650 villae
1097 2579 1286 2668 majoribus,
1317 2601 1400 2668 quos

345 2703 405 2748 rex
426 2683 496 2770 ipsc
523 2683 667 2770 jusserat
702 2683 879 2751 observari.
925 2683 1038 2772 Igitur
1062 2683 1198 2765 Oalcsia,
1223 2689 1399 2771 postquam

344 2785 475 2851 obsessa
496 2791 548 2852 est
570 2785 714 2852 decursis
730 2787 773 2851 12
789 2783 966 2868 mensibus,
981 2789 1054 2853 erat
1072 2789 1190 2873 capta3
1214 2791 1249 2852 et
1263 2784 1400 2850 interim

345 2911 465 2976 magna
487 2887 600 2975 populi
622 2887 805 2954 multitudo
827 2887 924 2954 lamis
947 2887 1060 2954 inedia
1081 2887 1227 2955 cruciata
1250 2888 1336 2954 obiit
1363 2887 1401 2952 in

345 2991 468 3070 eadem,
502 2996 625 3078 praeter
655 2991 729 3057 illos
760 3013 841 3077 quos
877 2995 973 3057 extra
1003 2989 1119 3056 villam
1148 2987 1237 3056 binis
1270 2990 1400 3056 vicibus

346 3094 553 3180 expulerunt.
609 3093 655 3159 Et
688 3097 769 3159 tunc
803 3091 945 3180 quidem,
968 3091 1158 3158 inhabitata
1182 3091 1311 3156 Oalesia
1342 3111 1401 3177 per
1412 3097 1568 3164 Agreement

347 3195 512 3282 Anglicos,
536 3195 672 3262 Gallicis
695 3197 844 3283 expulsis
866 3201 906 3260 ut
928 3193 1114 3282 praefertur,
1136 3193 1180 3258 ad
1201 3191 1399 3257 instantiam
1413 3165 1554 3219 dmm·

348 3297 475 3362 domini
497 3317 598 3386 papae,
614 3297 840 3364 mediantibus
864 3293 1086 3363 cardinalibus
1108 3297 1143 3360 et
1157 3293 1287 3381 legatis,
1302 3297 1400 3380 capta

348 3405 399 3466 est
431 3403 546 3487 treuga
576 3423 680 3487 usque
712 3401 755 3467 ad
787 3399 908 3466 festum
931 3397 1046 3466 Sancti
1069 3395 1231 3463 Barnabae
1257 3395 1399 3483 apostoli
1413 3411 1441 3456 11
1454 3406 1530 3461 June

344 3503 532 3591 proximum
553 3503 704 3569 futurum
727 3504 895 3570 duratura
943 3501 1092 3584 Quadam
1112 3503 1225 3566 autem
1247 3498 1309 3577 die,
1326 3499 1398 3586 qui·
1411 3514 1556 3584 Μάιον]

345 3605 422 3671 dam
445 3603 592 3671 Francus
615 3605 776 3692 captivus,
801 3604 966 3693 spondens
990 3625 1064 3670 cum
1086 3601 1227 3690 pecunia
1248 3599 1397 3688 redemp-
1410 3581 1566 3715 ffi‘effn‘h

344 3709 445 3775 tionis
480 3699 556 3776 suse'
583 3709 682 3775 certis
715 3707 768 3774 die
800 3711 835 3774 et
865 3708 936 3774 looo
967 3727 1002 3773 se
1035 3703 1178 3772 fideliter
1199 3703 1397 3785 rediturum,

344 3809 521 3898 permissus
552 3815 602 3875 est
624 3811 668 3876 ad
689 3809 823 3898 propria
845 3807 949 3876 libere
970 3827 1122 3874 remeare.
1168 3805 1317 3893 Cumque
1343 3806 1398 3871 die

344 3917 473 3984 statuto
496 3913 686 3978 accederent
708 3909 843 4000 Anglici
864 3931 965 3999 prope
987 3909 1097 3975 locum
1120 3905 1329 3995 deputatum,
1356 3914 1397 3974 ut

343 4037 364 4080 a
386 4013 519 4104 captivo
543 4011 669 4080 Gallico
692 4015 877 4102 reciperent
899 4013 988 4100 quod
1010 4011 1162 4090 debebat,
1184 4015 1396 4076 occurrenmt

344 4117 391 4182 cis
413 4115 534 4183 Franci
556 4116 594 4180 in
616 4115 747 4182 insidiis
769 4116 870 4204 positi
892 4115 1023 4181 circiter
1045 4109 1173 4198 equites
1197 4113 1271 4192 500,
1293 4117 1328 4178 et
1352 4113 1393 4178 16

343 4217 647 4308 Anglicosmilites
669 4221 704 4286 et
725 4221 792 4286 tres
816 4215 976 4285 scutarios
1006 4217 1173 4304 ceperunt.
1218 4211 1284 4282 Sed
1306 4213 1395 4299 capti

342 4325 458 4410 postea
471 4321 691 4402 redimuntur,
707 4319 891 4410 sagittariis
905 4317 1096 4385 interfectis.
1137 4315 1269 4383 Deinde
1283 4313 1395 4381 natale

342 4425 449 4490 solum
482 4424 590 4490 indies
622 4423 757 4511 Anglici
790 4424 969 4511 petierunt.
1015 4421 1090 4486 Rex
1112 4439 1191 4487 vero
1213 4423 1249 4485 et
1270 4417 1520 4507 reginaudum

341 4525 425 4592 aa
445 4526 567 4592 fessum
591 4525 749 4593 omnium
772 4525 970 4592 sensorum
991 4523 1139 4590 vonna
1170 4521 1207 4586 a
1237 4517 1395 4604 Anguem
1406 4494 1543 4626 1²³¹lede

342 4629 530 4717 remigrare,
553 4628 755 4696 intolerabili
784 4631 981 4717 tempestate
1003 4625 1127 4704 vexati,
1151 4626 1227 4710 post
1249 4620 1395 4708 plurima
1407 4628 1526 4706 at'sanu-

341 4731 505 4800 fluctuum
542 4731 734 4802 discrimina
770 4731 860 4822 apud
897 4727 1110 4800 sandwicum
1148 4721 1393 4892 appliquerunt.
1406 4694 1501 4814 ffiv·

1194 4844 1216 4892 n
