<?xml version="1.0" encoding="UTF-8"?>
<!DOCTYPE html PUBLIC "-//W3C//DTD XHTML 1.0 Transitional//EN"
    "http://www.w3.org/TR/xhtml1/DTD/xhtml1-transitional.dtd">
<html xmlns="http://www.w3.org/1999/xhtml" xml:lang="en" lang="en">
 <head>
  <title>
</title>
<meta http-equiv="Content-Type" content="text/html;charset=utf-8" />
  <meta name='ocr-system' content='tesseract 3.04.00' />
  <meta name='ocr-capabilities' content='ocr_page ocr_carea ocr_par ocr_line ocrx_word'/>
</head>
<body>
  <div class='ocr_page' id='page_1' title='image "./chronicamonaste01thomgoog_0213.png"; bbox 0 0 3614 5888; ppageno 0'>
   <div class='ocr_carea' id='block_1_1' title="bbox 583 915 1382 1029">
    <p class='ocr_par' dir='ltr' id='par_1_1' title="bbox 583 915 1382 1029">
     <span class='ocr_line' id='line_1_1' title="bbox 583 915 1382 1029; baseline 0.006 -19"><span class='ocrx_word' id='word_1_1' title='bbox 583 962 767 1011; x_wconf 76' lang='lat' dir='ltr'>acusnnss</span> <span class='ocrx_word' id='word_1_2' title='bbox 787 963 835 1011; x_wconf 83' lang='lat' dir='ltr'>nr</span> <span class='ocrx_word' id='word_1_3' title='bbox 856 963 1000 1029; x_wconf 71' lang='lat' dir='ltr'>ausser,</span> <span class='ocrx_word' id='word_1_4' title='bbox 1023 915 1142 1014; x_wconf 74' lang='lat' dir='ltr'>nasas.</span> <span class='ocrx_word' id='word_1_5' title='bbox 1320 954 1382 1015; x_wconf 91' lang='lat'>101</span> 
     </span>
    </p>
   </div>
   <div class='ocr_carea' id='block_1_2' title="bbox 336 1133 1543 4489">
    <p class='ocr_par' dir='ltr' id='par_1_2' title="bbox 336 1133 1543 3977">
     <span class='ocr_line' id='line_1_2' title="bbox 339 1133 1543 1225; baseline 0.006 -28"><span class='ocrx_word' id='word_1_6' title='bbox 339 1133 483 1200; x_wconf 87' lang='lat' dir='ltr'>officialis</span> <span class='ocrx_word' id='word_1_7' title='bbox 505 1136 604 1202; x_wconf 85' lang='lat' dir='ltr'>curiae</span> <span class='ocrx_word' id='word_1_8' title='bbox 626 1137 840 1204; x_wconf 88' lang='lat' dir='ltr'>Eboracensis</span> <span class='ocrx_word' id='word_1_9' title='bbox 855 1144 889 1203; x_wconf 90' lang='lat' dir='ltr'>ct</span> <span class='ocrx_word' id='word_1_10' title='bbox 912 1139 963 1202; x_wconf 90' lang='lat' dir='ltr'>sui</span> <span class='ocrx_word' id='word_1_11' title='bbox 986 1139 1200 1205; x_wconf 87' lang='lat' dir='ltr'>commissarii</span> <span class='ocrx_word' id='word_1_12' title='bbox 1213 1139 1382 1225; x_wconf 84' lang='lat' dir='ltr'>generalis,</span> <span class='ocrx_word' id='word_1_13' title='bbox 1395 1151 1464 1202; x_wconf 76' lang='lat' dir='ltr'>An.</span> <span class='ocrx_word' id='word_1_14' title='bbox 1479 1159 1543 1204; x_wconf 82' lang='lat' dir='ltr'>rasa</span> 
     </span>
     <span class='ocr_line' id='line_1_3' title="bbox 340 1225 1486 1327; baseline 0.006 -28"><span class='ocrx_word' id='word_1_15' title='bbox 340 1236 396 1321; x_wconf 90' lang='lat' dir='ltr'>qui</span> <span class='ocrx_word' id='word_1_16' title='bbox 419 1259 478 1323; x_wconf 88' lang='lat' dir='ltr'>pro</span> <span class='ocrx_word' id='word_1_17' title='bbox 505 1241 652 1325; x_wconf 86' lang='lat' dir='ltr'>ternpore</span> <span class='ocrx_word' id='word_1_18' title='bbox 685 1238 818 1319; x_wconf 83' lang='lat' dir='ltr'>fuerint,</span> <span class='ocrx_word' id='word_1_19' title='bbox 842 1245 890 1317; x_wconf 91' lang='lat' dir='ltr'>ut,</span> <span class='ocrx_word' id='word_1_20' title='bbox 913 1261 981 1305; x_wconf 91' lang='lat' dir='ltr'>non</span> <span class='ocrx_word' id='word_1_21' title='bbox 1007 1241 1160 1308; x_wconf 86' lang='lat' dir='ltr'>obstante</span> <span class='ocrx_word' id='word_1_22' title='bbox 1191 1262 1384 1327; x_wconf 87' lang='lat' dir='ltr'>quacunque</span> <span class='ocrx_word' id='word_1_23' title='bbox 1395 1225 1486 1278; x_wconf 60' lang='lat'>‘¹³⁵⁶‘</span> 
     </span>
     <span class='ocr_line' id='line_1_4' title="bbox 339 1339 1382 1430; baseline 0.004 -28"><span class='ocrx_word' id='word_1_24' title='bbox 339 1339 545 1426; x_wconf 85' lang='lat' dir='ltr'>exemptione</span> <span class='ocrx_word' id='word_1_25' title='bbox 574 1341 629 1406; x_wconf 85' lang='lat' dir='ltr'>vel</span> <span class='ocrx_word' id='word_1_26' title='bbox 649 1341 822 1430; x_wconf 80' lang='lat' dir='ltr'>privilegio</span> <span class='ocrx_word' id='word_1_27' title='bbox 844 1363 1036 1429; x_wconf 90' lang='lat' dir='ltr'>quocunque</span> <span class='ocrx_word' id='word_1_28' title='bbox 1068 1343 1163 1409; x_wconf 89' lang='lat' dir='ltr'>nobis</span> <span class='ocrx_word' id='word_1_29' title='bbox 1189 1365 1246 1410; x_wconf 88' lang='lat' dir='ltr'>seu</span> <span class='ocrx_word' id='word_1_30' title='bbox 1277 1343 1382 1409; x_wconf 90' lang='lat' dir='ltr'>ordini</span> 
     </span>
     <span class='ocr_line' id='line_1_5' title="bbox 339 1443 1383 1532; baseline 0.005 -27"><span class='ocrx_word' id='word_1_31' title='bbox 339 1445 451 1506; x_wconf 88' lang='lat' dir='ltr'>nostro</span> <span class='ocrx_word' id='word_1_32' title='bbox 489 1443 760 1529; x_wconf 74' lang='lat' dir='ltr'>qualitercunque</span> <span class='ocrx_word' id='word_1_33' title='bbox 807 1449 1012 1532; x_wconf 77' lang='lat' dir='ltr'>competente</span> <span class='ocrx_word' id='word_1_34' title='bbox 1055 1467 1112 1511; x_wconf 91' lang='lat' dir='ltr'>seu</span> <span class='ocrx_word' id='word_1_35' title='bbox 1158 1445 1383 1532; x_wconf 87' lang='lat' dir='ltr'>competituro,</span> 
     </span>
     <span class='ocr_line' id='line_1_6' title="bbox 338 1543 1383 1632; baseline 0.005 -25"><span class='ocrx_word' id='word_1_36' title='bbox 338 1543 597 1631; x_wconf 79' lang='lat' dir='ltr'>quandocunque</span> <span class='ocrx_word' id='word_1_37' title='bbox 613 1551 647 1610; x_wconf 90' lang='lat' dir='ltr'>et</span> <span class='ocrx_word' id='word_1_38' title='bbox 662 1547 927 1632; x_wconf 70' lang='lat' dir='ltr'>quotiescunque,</span> <span class='ocrx_word' id='word_1_39' title='bbox 943 1547 1028 1625; x_wconf 92' lang='lat' dir='ltr'>dolo,</span> <span class='ocrx_word' id='word_1_40' title='bbox 1042 1547 1157 1613; x_wconf 85' lang='lat' dir='ltr'>fraude</span> <span class='ocrx_word' id='word_1_41' title='bbox 1171 1547 1227 1614; x_wconf 86' lang='lat' dir='ltr'>vel</span> <span class='ocrx_word' id='word_1_42' title='bbox 1246 1549 1383 1626; x_wconf 88' lang='lat' dir='ltr'>malitia,</span> 
     </span>
     <span class='ocr_line' id='line_1_7' title="bbox 337 1647 1383 1730; baseline 0.008 -22"><span class='ocrx_word' id='word_1_43' title='bbox 337 1666 395 1730; x_wconf 86' lang='lat' dir='ltr'>per</span> <span class='ocrx_word' id='word_1_44' title='bbox 418 1667 478 1711; x_wconf 88' lang='lat' dir='ltr'>nos</span> <span class='ocrx_word' id='word_1_45' title='bbox 501 1647 555 1713; x_wconf 84' lang='lat' dir='ltr'>vel</span> <span class='ocrx_word' id='word_1_46' title='bbox 586 1669 783 1714; x_wconf 88' lang='lat' dir='ltr'>successores</span> <span class='ocrx_word' id='word_1_47' title='bbox 815 1655 944 1714; x_wconf 86' lang='lat' dir='ltr'>nostros</span> <span class='ocrx_word' id='word_1_48' title='bbox 978 1650 1166 1728; x_wconf 88' lang='lat' dir='ltr'>commissis,</span> <span class='ocrx_word' id='word_1_49' title='bbox 1196 1651 1286 1717; x_wconf 92' lang='lat' dir='ltr'>dicta</span> <span class='ocrx_word' id='word_1_50' title='bbox 1308 1672 1383 1716; x_wconf 86' lang='lat' dir='ltr'>can-</span> 
     </span>
     <span class='ocr_line' id='line_1_8' title="bbox 337 1747 1383 1836; baseline 0.008 -27"><span class='ocrx_word' id='word_1_51' title='bbox 337 1747 423 1810; x_wconf 88' lang='lat' dir='ltr'>taria</span> <span class='ocrx_word' id='word_1_52' title='bbox 444 1748 614 1814; x_wconf 89' lang='lat' dir='ltr'>subtracta</span> <span class='ocrx_word' id='word_1_53' title='bbox 635 1747 759 1829; x_wconf 88' lang='lat' dir='ltr'>fuerit,¹</span> <span class='ocrx_word' id='word_1_54' title='bbox 787 1749 840 1815; x_wconf 95' lang='lat' dir='ltr'>vel</span> <span class='ocrx_word' id='word_1_55' title='bbox 873 1751 916 1815; x_wconf 91' lang='lat' dir='ltr'>ab</span> <span class='ocrx_word' id='word_1_56' title='bbox 946 1752 1059 1817; x_wconf 85' lang='lat' dir='ltr'>ecdem</span> <span class='ocrx_word' id='word_1_57' title='bbox 1081 1752 1228 1818; x_wconf 83' lang='lat' dir='ltr'>cantaria</span> <span class='ocrx_word' id='word_1_58' title='bbox 1250 1759 1284 1817; x_wconf 89' lang='lat' dir='ltr'>et</span> <span class='ocrx_word' id='word_1_59' title='bbox 1313 1751 1383 1836; x_wconf 90' lang='lat' dir='ltr'>ejus</span> 
     </span>
     <span class='ocr_line' id='line_1_9' title="bbox 337 1849 1383 1939; baseline 0.006 -27"><span class='ocrx_word' id='word_1_60' title='bbox 337 1849 554 1916; x_wconf 87' lang='lat' dir='ltr'>celebratione</span> <span class='ocrx_word' id='word_1_61' title='bbox 576 1855 738 1916; x_wconf 69' lang='lat' dir='ltr'>comatum</span> <span class='ocrx_word' id='word_1_62' title='bbox 762 1850 863 1916; x_wconf 87' lang='lat' dir='ltr'>firerit</span> <span class='ocrx_word' id='word_1_63' title='bbox 885 1873 944 1937; x_wconf 89' lang='lat' dir='ltr'>per</span> <span class='ocrx_word' id='word_1_64' title='bbox 966 1873 1193 1939; x_wconf 88' lang='lat' dir='ltr'>quamcunque</span> <span class='ocrx_word' id='word_1_65' title='bbox 1216 1875 1383 1920; x_wconf 80' lang='lat' dir='ltr'>censuram</span> 
     </span>
     <span class='ocr_line' id='line_1_10' title="bbox 338 1951 1384 2042; baseline 0.006 -28"><span class='ocrx_word' id='word_1_66' title='bbox 338 1951 597 2030; x_wconf 86' lang='lat' dir='ltr'>ecclesiasticam,</span> <span class='ocrx_word' id='word_1_67' title='bbox 620 1952 709 2018; x_wconf 91' lang='lat' dir='ltr'>idem</span> <span class='ocrx_word' id='word_1_68' title='bbox 732 1951 878 2018; x_wconf 89' lang='lat' dir='ltr'>officialis</span> <span class='ocrx_word' id='word_1_69' title='bbox 893 1953 947 2018; x_wconf 91' lang='lat' dir='ltr'>vel</span> <span class='ocrx_word' id='word_1_70' title='bbox 962 1954 1202 2020; x_wconf 89' lang='lat' dir='ltr'>commissarius</span> <span class='ocrx_word' id='word_1_71' title='bbox 1217 1956 1259 2020; x_wconf 91' lang='lat' dir='ltr'>ad</span> <span class='ocrx_word' id='word_1_72' title='bbox 1281 1956 1384 2042; x_wconf 90' lang='lat' dir='ltr'>ipsius</span> 
     </span>
     <span class='ocr_line' id='line_1_11' title="bbox 337 2054 1382 2143; baseline 0.005 -25"><span class='ocrx_word' id='word_1_73' title='bbox 337 2054 491 2121; x_wconf 87' lang='lat' dir='ltr'>cantariae</span> <span class='ocrx_word' id='word_1_74' title='bbox 513 2055 751 2134; x_wconf 77' lang='lat' dir='ltr'>inventionem,</span> <span class='ocrx_word' id='word_1_75' title='bbox 767 2054 890 2141; x_wconf 90' lang='lat' dir='ltr'>absque</span> <span class='ocrx_word' id='word_1_76' title='bbox 912 2055 1054 2142; x_wconf 85' lang='lat' dir='ltr'>strepitu</span> <span class='ocrx_word' id='word_1_77' title='bbox 1073 2055 1190 2141; x_wconf 91' lang='lat' dir='ltr'>judicii</span> <span class='ocrx_word' id='word_1_78' title='bbox 1216 2063 1250 2122; x_wconf 90' lang='lat' dir='ltr'>et</span> <span class='ocrx_word' id='word_1_79' title='bbox 1269 2058 1382 2143; x_wconf 84' lang='lat' dir='ltr'>figma,</span> 
     </span>
     <span class='ocr_line' id='line_1_12' title="bbox 337 2157 1378 2245; baseline 0.005 -25"><span class='ocrx_word' id='word_1_80' title='bbox 337 2157 528 2244; x_wconf 87' lang='lat' dir='ltr'>simpliciter</span> <span class='ocrx_word' id='word_1_81' title='bbox 544 2163 578 2223; x_wconf 89' lang='lat' dir='ltr'>et</span> <span class='ocrx_word' id='word_1_82' title='bbox 594 2157 635 2223; x_wconf 89' lang='lat' dir='ltr'>de</span> <span class='ocrx_word' id='word_1_83' title='bbox 657 2159 765 2243; x_wconf 89' lang='lat' dir='ltr'>plano,</span> <span class='ocrx_word' id='word_1_84' title='bbox 779 2179 839 2222; x_wconf 90' lang='lat' dir='ltr'>nos</span> <span class='ocrx_word' id='word_1_85' title='bbox 855 2157 982 2224; x_wconf 81' lang='lat' dir='ltr'>valeret</span> <span class='ocrx_word' id='word_1_86' title='bbox 997 2157 1193 2245; x_wconf 86' lang='lat' dir='ltr'>distringere</span> <span class='ocrx_word' id='word_1_87' title='bbox 1208 2165 1243 2224; x_wconf 90' lang='lat' dir='ltr'>et</span> <span class='ocrx_word' id='word_1_88' title='bbox 1265 2166 1378 2225; x_wconf 88' lang='lat' dir='ltr'>artare</span> 
     </span>
     <span class='ocr_line' id='line_1_13' title="bbox 338 2259 1383 2348; baseline 0.003 -25"><span class='ocrx_word' id='word_1_89' title='bbox 338 2259 382 2322; x_wconf 83' lang='lat' dir='ltr'>Et</span> <span class='ocrx_word' id='word_1_90' title='bbox 405 2259 626 2338; x_wconf 87' lang='lat' dir='ltr'>nihilominus,</span> <span class='ocrx_word' id='word_1_91' title='bbox 650 2260 679 2348; x_wconf 83' lang='lat' dir='ltr'>si</span> <span class='ocrx_word' id='word_1_92' title='bbox 702 2260 916 2346; x_wconf 86' lang='lat' dir='ltr'>contingeret,</span> <span class='ocrx_word' id='word_1_93' title='bbox 940 2282 997 2346; x_wconf 87' lang='lat' dir='ltr'>par</span> <span class='ocrx_word' id='word_1_94' title='bbox 1013 2259 1170 2338; x_wconf 86' lang='lat' dir='ltr'>fraudem,</span> <span class='ocrx_word' id='word_1_95' title='bbox 1195 2261 1306 2326; x_wconf 90' lang='lat' dir='ltr'>dolum</span> <span class='ocrx_word' id='word_1_96' title='bbox 1329 2261 1383 2327; x_wconf 90' lang='lat' dir='ltr'>vel</span> 
     </span>
     <span class='ocr_line' id='line_1_14' title="bbox 340 2361 1385 2449; baseline 0.004 -25"><span class='ocrx_word' id='word_1_97' title='bbox 340 2361 510 2441; x_wconf 78' lang='lat' dir='ltr'>maliciam,</span> <span class='ocrx_word' id='word_1_98' title='bbox 534 2385 592 2449; x_wconf 89' lang='lat' dir='ltr'>per</span> <span class='ocrx_word' id='word_1_99' title='bbox 614 2384 673 2428; x_wconf 91' lang='lat' dir='ltr'>nos</span> <span class='ocrx_word' id='word_1_100' title='bbox 697 2363 752 2428; x_wconf 89' lang='lat' dir='ltr'>val</span> <span class='ocrx_word' id='word_1_101' title='bbox 780 2383 977 2428; x_wconf 86' lang='lat' dir='ltr'>successores</span> <span class='ocrx_word' id='word_1_102' title='bbox 999 2369 1129 2429; x_wconf 88' lang='lat' dir='ltr'>nostros</span> <span class='ocrx_word' id='word_1_103' title='bbox 1151 2365 1187 2428; x_wconf 89' lang='lat' dir='ltr'>in</span> <span class='ocrx_word' id='word_1_104' title='bbox 1213 2361 1385 2430; x_wconf 72' lang='lat' dir='ltr'>futurum²</span> 
     </span>
     <span class='ocr_line' id='line_1_15' title="bbox 337 2463 1383 2550; baseline 0.002 -22"><span class='ocrx_word' id='word_1_105' title='bbox 337 2463 442 2550; x_wconf 88' lang='lat' dir='ltr'>ipsam</span> <span class='ocrx_word' id='word_1_106' title='bbox 465 2466 644 2530; x_wconf 59' lang='lat' dir='ltr'>cantaram</span> <span class='ocrx_word' id='word_1_107' title='bbox 676 2464 835 2543; x_wconf 88' lang='lat' dir='ltr'>subtrahi,</span> <span class='ocrx_word' id='word_1_108' title='bbox 858 2464 912 2530; x_wconf 90' lang='lat' dir='ltr'>vel</span> <span class='ocrx_word' id='word_1_109' title='bbox 944 2487 1002 2550; x_wconf 90' lang='lat' dir='ltr'>per</span> <span class='ocrx_word' id='word_1_110' title='bbox 1034 2469 1074 2529; x_wconf 84' lang='lat'>15</span> <span class='ocrx_word' id='word_1_111' title='bbox 1106 2465 1175 2530; x_wconf 91' lang='lat' dir='ltr'>dies</span> <span class='ocrx_word' id='word_1_112' title='bbox 1197 2465 1239 2530; x_wconf 88' lang='lat' dir='ltr'>ab</span> <span class='ocrx_word' id='word_1_113' title='bbox 1271 2466 1383 2532; x_wconf 86' lang='lat' dir='ltr'>eadem</span> 
     </span>
     <span class='ocr_line' id='line_1_16' title="bbox 336 2566 1382 2652; baseline 0.001 -21"><span class='ocrx_word' id='word_1_114' title='bbox 336 2567 463 2646; x_wconf 85' lang='lat' dir='ltr'>cessari,</span> <span class='ocrx_word' id='word_1_115' title='bbox 486 2567 707 2642; x_wconf 85' lang='lat' dir='ltr'>concessimus,</span> <span class='ocrx_word' id='word_1_116' title='bbox 732 2588 790 2652; x_wconf 90' lang='lat' dir='ltr'>pro</span> <span class='ocrx_word' id='word_1_117' title='bbox 817 2566 913 2631; x_wconf 91' lang='lat' dir='ltr'>nobis</span> <span class='ocrx_word' id='word_1_118' title='bbox 935 2572 969 2632; x_wconf 89' lang='lat' dir='ltr'>ct</span> <span class='ocrx_word' id='word_1_119' title='bbox 993 2567 1230 2632; x_wconf 85' lang='lat' dir='ltr'>successoribus</span> <span class='ocrx_word' id='word_1_120' title='bbox 1252 2568 1382 2646; x_wconf 88' lang='lat' dir='ltr'>nostris,</span> 
     </span>
     <span class='ocr_line' id='line_1_17' title="bbox 337 2663 1481 2755; baseline -0.002 -23"><span class='ocrx_word' id='word_1_121' title='bbox 337 2667 425 2753; x_wconf 90' lang='lat' dir='ltr'>quod</span> <span class='ocrx_word' id='word_1_122' title='bbox 459 2668 567 2734; x_wconf 91' lang='lat' dir='ltr'>dictus</span> <span class='ocrx_word' id='word_1_123' title='bbox 601 2663 747 2734; x_wconf 83' lang='lat' dir='ltr'>officialis</span> <span class='ocrx_word' id='word_1_124' title='bbox 773 2669 826 2733; x_wconf 88' lang='lat' dir='ltr'>vel</span> <span class='ocrx_word' id='word_1_125' title='bbox 859 2669 1102 2735; x_wconf 84' lang='lat' dir='ltr'>commissarius</span> <span class='ocrx_word' id='word_1_126' title='bbox 1135 2669 1178 2734; x_wconf 89' lang='lat' dir='ltr'>ad</span> <span class='ocrx_word' id='word_1_127' title='bbox 1215 2670 1383 2755; x_wconf 87' lang='lat' dir='ltr'>praemissa</span> <span class='ocrx_word' id='word_1_128' title='bbox 1393 2679 1412 2732; x_wconf 83' lang='lat' dir='ltr'>f.</span> <span class='ocrx_word' id='word_1_129' title='bbox 1426 2684 1481 2731; x_wconf 87' lang='lat'>111.</span> 
     </span>
     <span class='ocr_line' id='line_1_18' title="bbox 338 2769 1382 2858; baseline 0.003 -25"><span class='ocrx_word' id='word_1_130' title='bbox 338 2769 449 2834; x_wconf 90' lang='lat' dir='ltr'>omnia</span> <span class='ocrx_word' id='word_1_131' title='bbox 471 2776 505 2836; x_wconf 90' lang='lat' dir='ltr'>et</span> <span class='ocrx_word' id='word_1_132' title='bbox 527 2771 659 2857; x_wconf 81' lang='lat' dir='ltr'>singula</span> <span class='ocrx_word' id='word_1_133' title='bbox 687 2770 836 2836; x_wconf 84' lang='lat' dir='ltr'>facienda</span> <span class='ocrx_word' id='word_1_134' title='bbox 865 2777 900 2835; x_wconf 91' lang='lat' dir='ltr'>et</span> <span class='ocrx_word' id='word_1_135' title='bbox 930 2770 1141 2858; x_wconf 90' lang='lat' dir='ltr'>adimplenda</span> <span class='ocrx_word' id='word_1_136' title='bbox 1171 2792 1230 2837; x_wconf 91' lang='lat' dir='ltr'>nos</span> <span class='ocrx_word' id='word_1_137' title='bbox 1256 2776 1291 2836; x_wconf 91' lang='lat' dir='ltr'>et</span> <span class='ocrx_word' id='word_1_138' title='bbox 1312 2793 1382 2836; x_wconf 88' lang='lat' dir='ltr'>suc-</span> 
     </span>
     <span class='ocr_line' id='line_1_19' title="bbox 338 2871 1383 2958; baseline 0.004 -24"><span class='ocrx_word' id='word_1_139' title='bbox 338 2893 476 2936; x_wconf 87' lang='lat' dir='ltr'>cessores</span> <span class='ocrx_word' id='word_1_140' title='bbox 498 2878 628 2937; x_wconf 89' lang='lat' dir='ltr'>nostros</span> <span class='ocrx_word' id='word_1_141' title='bbox 650 2893 708 2958; x_wconf 90' lang='lat' dir='ltr'>per</span> <span class='ocrx_word' id='word_1_142' title='bbox 730 2871 782 2936; x_wconf 89' lang='lat' dir='ltr'>sui</span> <span class='ocrx_word' id='word_1_143' title='bbox 813 2873 968 2958; x_wconf 83' lang='lat' dir='ltr'>praecepti</span> <span class='ocrx_word' id='word_1_144' title='bbox 1000 2873 1201 2938; x_wconf 84' lang='lat' dir='ltr'>sententiam</span> <span class='ocrx_word' id='word_1_145' title='bbox 1232 2873 1383 2938; x_wconf 90' lang='lat' dir='ltr'>condem-</span> 
     </span>
     <span class='ocr_line' id='line_1_20' title="bbox 336 2973 1382 3060; baseline 0.002 -23"><span class='ocrx_word' id='word_1_146' title='bbox 336 2980 442 3052; x_wconf 87' lang='lat' dir='ltr'>naret,</span> <span class='ocrx_word' id='word_1_147' title='bbox 479 2980 514 3039; x_wconf 88' lang='lat' dir='ltr'>et</span> <span class='ocrx_word' id='word_1_148' title='bbox 551 2973 684 3060; x_wconf 88' lang='lat' dir='ltr'>majoris</span> <span class='ocrx_word' id='word_1_149' title='bbox 721 2974 1069 3040; x_wconf 87' lang='lat' dir='ltr'>excommunicationis</span> <span class='ocrx_word' id='word_1_150' title='bbox 1105 2975 1304 3040; x_wconf 62' lang='lat' dir='ltr'>astantiam</span> <span class='ocrx_word' id='word_1_151' title='bbox 1346 2976 1382 3040; x_wconf 89' lang='lat' dir='ltr'>in</span> 
     </span>
     <span class='ocr_line' id='line_1_21' title="bbox 339 3075 1382 3162; baseline 0.002 -22"><span class='ocrx_word' id='word_1_152' title='bbox 339 3097 490 3161; x_wconf 84' lang='lat' dir='ltr'>personas</span> <span class='ocrx_word' id='word_1_153' title='bbox 525 3075 663 3153; x_wconf 88' lang='lat' dir='ltr'>abbatis,</span> <span class='ocrx_word' id='word_1_154' title='bbox 697 3075 823 3162; x_wconf 87' lang='lat' dir='ltr'>prioris,</span> <span class='ocrx_word' id='word_1_155' title='bbox 856 3075 1043 3162; x_wconf 85' lang='lat' dir='ltr'>subprioris,</span> <span class='ocrx_word' id='word_1_156' title='bbox 1079 3077 1297 3162; x_wconf 88' lang='lat' dir='ltr'>praecentoris,</span> <span class='ocrx_word' id='word_1_157' title='bbox 1331 3099 1382 3142; x_wconf 87' lang='lat' dir='ltr'>aa·</span> 
     </span>
     <span class='ocr_line' id='line_1_22' title="bbox 339 3176 1383 3263; baseline 0.001 -20"><span class='ocrx_word' id='word_1_158' title='bbox 339 3177 454 3253; x_wconf 82' lang='lat' dir='ltr'>cristae,</span> <span class='ocrx_word' id='word_1_159' title='bbox 469 3177 636 3257; x_wconf 81' lang='lat' dir='ltr'>cellerarii,</span> <span class='ocrx_word' id='word_1_160' title='bbox 653 3182 687 3242; x_wconf 89' lang='lat' dir='ltr'>et</span> <span class='ocrx_word' id='word_1_161' title='bbox 702 3181 892 3242; x_wconf 82' lang='lat' dir='ltr'>oaeterorum</span> <span class='ocrx_word' id='word_1_162' title='bbox 908 3197 1173 3263; x_wconf 88' lang='lat' dir='ltr'>quorumcunque</span> <span class='ocrx_word' id='word_1_163' title='bbox 1196 3176 1383 3244; x_wconf 88' lang='lat' dir='ltr'>officialium</span> 
     </span>
     <span class='ocr_line' id='line_1_23' title="bbox 338 3279 1383 3368; baseline 0.001 -22"><span class='ocrx_word' id='word_1_164' title='bbox 338 3280 529 3346; x_wconf 76' lang='lat' dir='ltr'>monasterii</span> <span class='ocrx_word' id='word_1_165' title='bbox 562 3280 676 3357; x_wconf 87' lang='lat' dir='ltr'>nostri,</span> <span class='ocrx_word' id='word_1_166' title='bbox 700 3285 734 3345; x_wconf 88' lang='lat' dir='ltr'>et</span> <span class='ocrx_word' id='word_1_167' title='bbox 768 3279 985 3366; x_wconf 79' lang='lat' dir='ltr'>singularium</span> <span class='ocrx_word' id='word_1_168' title='bbox 1019 3301 1286 3366; x_wconf 90' lang='lat' dir='ltr'>quarumcunque</span> <span class='ocrx_word' id='word_1_169' title='bbox 1312 3304 1383 3368; x_wconf 91' lang='lat' dir='ltr'>per-</span> 
     </span>
     <span class='ocr_line' id='line_1_24' title="bbox 338 3380 1383 3476; baseline 0.001 -29"><span class='ocrx_word' id='word_1_170' title='bbox 338 3405 493 3476; x_wconf 72' lang='lat' dir='ltr'>sonarum</span> <span class='ocrx_word' id='word_1_171' title='bbox 532 3381 638 3446; x_wconf 88' lang='lat' dir='ltr'>nostri</span> <span class='ocrx_word' id='word_1_172' title='bbox 676 3385 867 3457; x_wconf 87' lang='lat' dir='ltr'>conuentus,</span> <span class='ocrx_word' id='word_1_173' title='bbox 901 3385 935 3446; x_wconf 91' lang='lat' dir='ltr'>et</span> <span class='ocrx_word' id='word_1_174' title='bbox 966 3380 1135 3446; x_wconf 71' lang='lat' dir='ltr'>interdicti</span> <span class='ocrx_word' id='word_1_175' title='bbox 1165 3380 1202 3444; x_wconf 89' lang='lat' dir='ltr'>in</span> <span class='ocrx_word' id='word_1_176' title='bbox 1235 3382 1383 3448; x_wconf 86' lang='lat' dir='ltr'>ecclesias</span> 
     </span>
     <span class='ocr_line' id='line_1_25' title="bbox 338 3482 1383 3571; baseline 0 -21"><span class='ocrx_word' id='word_1_177' title='bbox 338 3489 466 3551; x_wconf 83' lang='lat' dir='ltr'>nostras</span> <span class='ocrx_word' id='word_1_178' title='bbox 492 3484 664 3571; x_wconf 83' lang='lat' dir='ltr'>praedictcs</span> <span class='ocrx_word' id='word_1_179' title='bbox 694 3489 729 3548; x_wconf 91' lang='lat' dir='ltr'>et</span> <span class='ocrx_word' id='word_1_180' title='bbox 758 3503 871 3548; x_wconf 93' lang='lat' dir='ltr'>earum</span> <span class='ocrx_word' id='word_1_181' title='bbox 903 3482 1094 3567; x_wconf 84' lang='lat' dir='ltr'>quamlibet,</span> <span class='ocrx_word' id='word_1_182' title='bbox 1117 3483 1217 3548; x_wconf 85' lang='lat' dir='ltr'>ferret</span> <span class='ocrx_word' id='word_1_183' title='bbox 1246 3491 1280 3548; x_wconf 89' lang='lat' dir='ltr'>ct</span> <span class='ocrx_word' id='word_1_184' title='bbox 1310 3506 1383 3571; x_wconf 91' lang='lat' dir='ltr'>pro-</span> 
     </span>
     <span class='ocr_line' id='line_1_26' title="bbox 338 3583 1383 3675; baseline 0.001 -23"><span class='ocrx_word' id='word_1_185' title='bbox 338 3587 511 3675; x_wconf 83' lang='lat' dir='ltr'>mulgaret,</span> <span class='ocrx_word' id='word_1_186' title='bbox 534 3586 571 3651; x_wconf 93' lang='lat' dir='ltr'>in</span> <span class='ocrx_word' id='word_1_187' title='bbox 594 3590 715 3650; x_wconf 89' lang='lat' dir='ltr'>eventu</span> <span class='ocrx_word' id='word_1_188' title='bbox 738 3583 926 3650; x_wconf 72' lang='lat' dir='ltr'>cessationis</span> <span class='ocrx_word' id='word_1_189' title='bbox 948 3605 1005 3650; x_wconf 91' lang='lat' dir='ltr'>seu</span> <span class='ocrx_word' id='word_1_190' title='bbox 1028 3584 1261 3650; x_wconf 87' lang='lat' dir='ltr'>subtractionis</span> <span class='ocrx_word' id='word_1_191' title='bbox 1285 3585 1383 3653; x_wconf 85' lang='lat' dir='ltr'>dictae</span> 
     </span>
     <span class='ocr_line' id='line_1_27' title="bbox 337 3686 1383 3773; baseline -0.002 -17"><span class='ocrx_word' id='word_1_192' title='bbox 337 3689 513 3770; x_wconf 82' lang='lat' dir='ltr'>cantariae3</span> <span class='ocrx_word' id='word_1_193' title='bbox 547 3689 744 3772; x_wconf 84' lang='lat' dir='ltr'>fructusque,</span> <span class='ocrx_word' id='word_1_194' title='bbox 767 3686 917 3752; x_wconf 89' lang='lat' dir='ltr'>redditus</span> <span class='ocrx_word' id='word_1_195' title='bbox 946 3692 981 3752; x_wconf 90' lang='lat' dir='ltr'>et</span> <span class='ocrx_word' id='word_1_196' title='bbox 1011 3694 1198 3773; x_wconf 88' lang='lat' dir='ltr'>proventus,</span> <span class='ocrx_word' id='word_1_197' title='bbox 1222 3688 1383 3754; x_wconf 88' lang='lat' dir='ltr'>dictarum</span> 
     </span>
     <span class='ocr_line' id='line_1_28' title="bbox 337 3789 1383 3874; baseline -0.002 -18"><span class='ocrx_word' id='word_1_198' title='bbox 337 3792 544 3857; x_wconf 87' lang='lat' dir='ltr'>ecclesiarum</span> <span class='ocrx_word' id='word_1_199' title='bbox 566 3795 752 3856; x_wconf 86' lang='lat' dir='ltr'>nostrarum</span> <span class='ocrx_word' id='word_1_200' title='bbox 774 3795 1058 3874; x_wconf 86' lang='lat' dir='ltr'>sequestrarentur</span> <span class='ocrx_word' id='word_1_201' title='bbox 1080 3795 1115 3854; x_wconf 91' lang='lat' dir='ltr'>et</span> <span class='ocrx_word' id='word_1_202' title='bbox 1137 3811 1157 3853; x_wconf 91' lang='lat' dir='ltr'>a</span> <span class='ocrx_word' id='word_1_203' title='bbox 1179 3789 1274 3854; x_wconf 91' lang='lat' dir='ltr'>nobis</span> <span class='ocrx_word' id='word_1_204' title='bbox 1295 3794 1383 3854; x_wconf 89' lang='lat' dir='ltr'>tota-</span> 
     </span>
     <span class='ocr_line' id='line_1_29' title="bbox 337 3891 1382 3977; baseline -0.001 -18"><span class='ocrx_word' id='word_1_205' title='bbox 337 3894 414 3959; x_wconf 88' lang='lat' dir='ltr'>liter</span> <span class='ocrx_word' id='word_1_206' title='bbox 436 3893 652 3968; x_wconf 83' lang='lat' dir='ltr'>auferrentur,</span> <span class='ocrx_word' id='word_1_207' title='bbox 671 3891 813 3956; x_wconf 85' lang='lat' dir='ltr'>durante</span> <span class='ocrx_word' id='word_1_208' title='bbox 834 3891 1171 3961; x_wconf 86' lang='lat' dir='ltr'>excommunicatione</span> <span class='ocrx_word' id='word_1_209' title='bbox 1186 3892 1382 3977; x_wconf 87' lang='lat' dir='ltr'>supradicta,</span> 
     </span>
    </p>

    <p class='ocr_par' dir='ltr' id='par_1_3' title="bbox 338 3992 1436 4280">
     <span class='ocr_line' id='line_1_30' title="bbox 338 3992 1383 4083; baseline -0.003 -21"><span class='ocrx_word' id='word_1_210' title='bbox 338 4003 371 4062; x_wconf 88' lang='lat' dir='ltr'>et</span> <span class='ocrx_word' id='word_1_211' title='bbox 394 4017 562 4083; x_wconf 85' lang='lat' dir='ltr'>quousque</span> <span class='ocrx_word' id='word_1_212' title='bbox 592 3995 633 4060; x_wconf 91' lang='lat' dir='ltr'>de</span> <span class='ocrx_word' id='word_1_213' title='bbox 667 3992 890 4058; x_wconf 67' lang='lat' dir='ltr'>subnectione</span> <span class='ocrx_word' id='word_1_214' title='bbox 923 3997 958 4057; x_wconf 91' lang='lat' dir='ltr'>et</span> <span class='ocrx_word' id='word_1_215' title='bbox 988 3993 1168 4058; x_wconf 88' lang='lat' dir='ltr'>cessatione</span> <span class='ocrx_word' id='word_1_216' title='bbox 1195 3992 1383 4079; x_wconf 87' lang='lat' dir='ltr'>hujusmodi</span> 
     </span>
     <span class='ocr_line' id='line_1_31' title="bbox 338 4093 1436 4182; baseline -0.002 -19"><span class='ocrx_word' id='word_1_217' title='bbox 338 4098 447 4164; x_wconf 88' lang='lat' dir='ltr'>debite</span> <span class='ocrx_word' id='word_1_218' title='bbox 477 4096 579 4161; x_wconf 86' lang='lat' dir='ltr'>fuerit</span> <span class='ocrx_word' id='word_1_219' title='bbox 608 4095 835 4173; x_wconf 66' lang='lat' dir='ltr'>satisfactum</span> <span class='ocrx_word' id='word_1_220' title='bbox 872 4093 1032 4179; x_wconf 86' lang='lat' dir='ltr'>quodque,</span> <span class='ocrx_word' id='word_1_221' title='bbox 1062 4093 1098 4158; x_wconf 92' lang='lat' dir='ltr'>in</span> <span class='ocrx_word' id='word_1_222' title='bbox 1132 4094 1273 4182; x_wconf 85' lang='lat' dir='ltr'>singulis</span> <span class='ocrx_word' id='word_1_223' title='bbox 1307 4097 1382 4161; x_wconf 87' lang='lat' dir='ltr'>sub·</span> <span class='ocrx_word' id='word_1_224' title='bbox 1428 4125 1436 4144; x_wconf 93' lang='lat'><strong>·</strong></span> 
     </span>
     <span class='ocr_line' id='line_1_32' title="bbox 339 4193 1384 4280; baseline 0 -18"><span class='ocrx_word' id='word_1_225' title='bbox 339 4197 555 4263; x_wconf 88' lang='lat' dir='ltr'>tractionibus</span> <span class='ocrx_word' id='word_1_226' title='bbox 587 4202 621 4262; x_wconf 90' lang='lat' dir='ltr'>et</span> <span class='ocrx_word' id='word_1_227' title='bbox 652 4194 887 4262; x_wconf 89' lang='lat' dir='ltr'>cessationibus</span> <span class='ocrx_word' id='word_1_228' title='bbox 917 4193 1118 4280; x_wconf 86' lang='lat' dir='ltr'>hujusmodi,¹</span> <span class='ocrx_word' id='word_1_229' title='bbox 1137 4201 1173 4262; x_wconf 91' lang='lat' dir='ltr'>et</span> <span class='ocrx_word' id='word_1_230' title='bbox 1206 4198 1384 4263; x_wconf 89' lang='lat' dir='ltr'>commissis</span> 
     </span>
    </p>

    <p class='ocr_par' dir='ltr' id='par_1_4' title="bbox 337 4296 1384 4489">
     <span class='ocr_line' id='line_1_33' title="bbox 337 4296 1384 4387; baseline 0 -23"><span class='ocrx_word' id='word_1_231' title='bbox 337 4301 373 4364; x_wconf 87' lang='lat' dir='ltr'>in</span> <span class='ocrx_word' id='word_1_232' title='bbox 397 4299 458 4366; x_wconf 87' lang='lat' dir='ltr'>hac</span> <span class='ocrx_word' id='word_1_233' title='bbox 489 4304 582 4387; x_wconf 86' lang='lat' dir='ltr'>parte</span> <span class='ocrx_word' id='word_1_234' title='bbox 615 4297 746 4376; x_wconf 87' lang='lat' dir='ltr'>habitis,</span> <span class='ocrx_word' id='word_1_235' title='bbox 771 4302 904 4363; x_wconf 90' lang='lat' dir='ltr'>centum</span> <span class='ocrx_word' id='word_1_236' title='bbox 937 4296 1056 4362; x_wconf 88' lang='lat' dir='ltr'>solidos</span> <span class='ocrx_word' id='word_1_237' title='bbox 1088 4321 1224 4364; x_wconf 86' lang='lat' dir='ltr'>camerae</span> <span class='ocrx_word' id='word_1_238' title='bbox 1259 4299 1384 4365; x_wconf 90' lang='lat' dir='ltr'>domini</span> 
     </span>
     <span class='ocr_line' id='line_1_34' title="bbox 338 4398 1383 4489; baseline -0.001 -23"><span class='ocrx_word' id='word_1_239' title='bbox 338 4425 433 4489; x_wconf 72' lang='lat' dir='ltr'>papae</span> <span class='ocrx_word' id='word_1_240' title='bbox 455 4405 647 4468; x_wconf 89' lang='lat' dir='ltr'>accentum</span> <span class='ocrx_word' id='word_1_241' title='bbox 679 4400 798 4465; x_wconf 90' lang='lat' dir='ltr'>solidos</span> <span class='ocrx_word' id='word_1_242' title='bbox 830 4398 962 4464; x_wconf 71' lang='lat' dir='ltr'>fabricae</span> <span class='ocrx_word' id='word_1_243' title='bbox 992 4399 1131 4466; x_wconf 87' lang='lat' dir='ltr'>ecclesiae</span> <span class='ocrx_word' id='word_1_244' title='bbox 1166 4401 1263 4466; x_wconf 88' lang='lat' dir='ltr'>Beati</span> <span class='ocrx_word' id='word_1_245' title='bbox 1294 4400 1383 4466; x_wconf 88' lang='lat' dir='ltr'>Petri</span> 
     </span>
    </p>
   </div>
   <div class='ocr_carea' id='block_1_3' title="bbox 338 4588 690 4602">
    <p class='ocr_par' dir='ltr' id='par_1_5' title="bbox 338 4588 690 4602">
     <span class='ocr_line' id='line_1_35' title="bbox 338 4588 690 4602; baseline -0.006 -3"><span class='ocrx_word' id='word_1_246' title='bbox 338 4589 617 4602; x_wconf 51' lang='grc' dir='ltr'><strong>...Μ-ρ</strong></span> <span class='ocrx_word' id='word_1_247' title='bbox 636 4588 690 4592; x_wconf 94' lang='grc'>---</span> 
     </span>
    </p>
   </div>
   <div class='ocr_carea' id='block_1_4' title="bbox 338 4711 1455 4940">
    <p class='ocr_par' dir='ltr' id='par_1_6' title="bbox 338 4711 1455 4940">
     <span class='ocr_line' id='line_1_36' title="bbox 373 4711 1381 4780; baseline 0 -16"><span class='ocrx_word' id='word_1_248' title='bbox 373 4715 379 4746; x_wconf 93' lang='lat'>¹</span> <span class='ocrx_word' id='word_1_249' title='bbox 390 4715 491 4780; x_wconf 74' lang='lat' dir='ltr'>chrit]</span> <span class='ocrx_word' id='word_1_250' title='bbox 510 4715 623 4779; x_wconf 82' lang='lat' dir='ltr'>wanting</span> <span class='ocrx_word' id='word_1_251' title='bbox 633 4713 661 4764; x_wconf 89' lang='lat' dir='ltr'>in</span> <span class='ocrx_word' id='word_1_252' title='bbox 671 4713 702 4762; x_wconf 93' lang='lat' dir='ltr'>P.</span> <span class='ocrx_word' id='word_1_253' title='bbox 885 4711 1033 4762; x_wconf 83' lang='lat' dir='ltr'>tractionem</span> <span class='ocrx_word' id='word_1_254' title='bbox 1057 4712 1096 4760; x_wconf 90' lang='lat' dir='ltr'>vel</span> <span class='ocrx_word' id='word_1_255' title='bbox 1121 4711 1285 4761; x_wconf 83' lang='lat' dir='ltr'>cessationem</span> <span class='ocrx_word' id='word_1_256' title='bbox 1307 4711 1381 4764; x_wconf 82' lang='lat' dir='ltr'>dicta</span> 
     </span>
     <span class='ocr_line' id='line_1_37' title="bbox 372 4790 1455 4860; baseline 0.002 -17"><span class='ocrx_word' id='word_1_257' title='bbox 372 4795 424 4843; x_wconf 68' lang='lat'>²512</span> <span class='ocrx_word' id='word_1_258' title='bbox 428 4795 559 4860; x_wconf 74' lang='lat' dir='ltr'>jblurum]</span> <span class='ocrx_word' id='word_1_259' title='bbox 577 4793 704 4858; x_wconf 86' lang='lat' dir='ltr'>aliquibus</span> <span class='ocrx_word' id='word_1_260' title='bbox 715 4792 834 4842; x_wconf 85' lang='lat' dir='ltr'>successi·</span> <span class='ocrx_word' id='word_1_261' title='bbox 887 4792 1004 4842; x_wconf 71' lang='lat' dir='ltr'>mutarier</span> <span class='ocrx_word' id='word_1_262' title='bbox 1016 4790 1229 4852; x_wconf 76' lang='lat' dir='ltr'>committendam,</span> <span class='ocrx_word' id='word_1_263' title='bbox 1244 4794 1340 4854; x_wconf 85' lang='lat' dir='ltr'>erased,</span> <span class='ocrx_word' id='word_1_264' title='bbox 1351 4794 1383 4845; x_wconf 92' lang='lat' dir='ltr'>P.</span> <span class='ocrx_word' id='word_1_265' title='bbox 1453 4791 1455 4796; x_wconf 78' lang='grc'><strong>’</strong></span> 
     </span>
     <span class='ocr_line' id='line_1_38' title="bbox 338 4872 835 4940; baseline -0.006 -17"><span class='ocrx_word' id='word_1_266' title='bbox 338 4877 378 4926; x_wconf 80' lang='lat' dir='ltr'>vis</span> <span class='ocrx_word' id='word_1_267' title='bbox 395 4874 565 4940; x_wconf 83' lang='lat' dir='ltr'>temporibus:</span> <span class='ocrx_word' id='word_1_268' title='bbox 592 4873 651 4933; x_wconf 86' lang='lat' dir='ltr'>and,</span> <span class='ocrx_word' id='word_1_269' title='bbox 668 4877 754 4922; x_wconf 80' lang='lat' dir='ltr'>contra</span> <span class='ocrx_word' id='word_1_270' title='bbox 777 4872 835 4921; x_wconf 88' lang='lat' dir='ltr'>sub-</span> 
     </span>
    </p>
   </div>
   <div class='ocr_carea' id='block_1_5' title="bbox 0 0 1812 5888">
    <p class='ocr_par' dir='ltr' id='par_1_7' title="bbox 0 0 1812 5888">
     <span class='ocr_line' id='line_1_39' title="bbox 0 0 1812 5888; baseline 0 0"><span class='ocrx_word' id='word_1_271' title='bbox 0 0 1812 5888; x_wconf 95' lang='lat' dir='ltr'> </span> 
     </span>
    </p>
   </div>
  </div>
 </body>
</html>
