3614 5888
483 871 546 935 156
681 887 860 936 aceneres
882 884 992 936 annas
1014 886 1144 938 saurus
1164 885 1331 936 ,oremus

314 1072 382 1123 mn.
396 1077 468 1124 raes.
481 1061 789 1141 ministrationibus,
814 1061 948 1140 creavit,
981 1082 1049 1126 non
1085 1061 1260 1148 respiciens
1290 1059 1381 1125 unde
1419 1063 1529 1126 essent

314 1153 469 1284 {afflig
481 1163 624 1243 oriundi,
647 1165 704 1230 sed
727 1168 860 1230 tantum
892 1185 992 1250 quam
1027 1162 1121 1250 digni
1153 1168 1188 1228 et
1216 1162 1314 1228 utiles
1351 1161 1461 1228 forent
1492 1161 1530 1228 in

314 1285 468 1339 thcehureh.
485 1265 619 1333 ecclesia
649 1267 714 1332 Dei
745 1265 931 1353 praesidere,
964 1265 1043 1332 licet
1067 1269 1086 1330 5
1108 1267 1359 1354 praedecessores
1381 1265 1434 1331 sui
1456 1271 1530 1331 tan-

482 1374 553 1434 tum
577 1369 617 1434 de
639 1369 801 1434 fidelitate
823 1369 909 1456 regis
925 1367 1072 1434 Franciae
1099 1368 1278 1434 existentes
1303 1368 1529 1434 ordinaverint

315 1472 449 1552 Heeans-
479 1470 668 1538 cardinales.
715 1471 847 1538 Curiam
871 1493 949 1536 vero
973 1471 1111 1536 Romam
1127 1471 1282 1537 reducere
1296 1471 1436 1556 cupiens,
1453 1492 1528 1536 con-

313 1539 462 1657 {fffflom
480 1597 612 1640 sensum
634 1581 669 1641 ct
691 1575 864 1640 consilium
893 1574 1110 1642 cardinalium
1133 1575 1170 1639 in
1200 1573 1390 1640 consistorio
1422 1573 1529 1660 requi-

314 1671 435 1790 ss'ffiss
480 1677 568 1743 sivit
614 1677 681 1758 Qui
708 1699 820 1743 omnes
851 1677 1085 1754 dissuaserunt,
1109 1682 1144 1742 et
1168 1697 1202 1741 se
1227 1678 1262 1742 in
1287 1676 1454 1742 Avinione
1478 1697 1528 1741 re·

315 1757 468 1882 affingit„
480 1801 651 1845 mansuros
681 1779 897 1845 affirmabant.
955 1778 1083 1859 Quibus
1106 1779 1171 1857 ille,
1194 1779 1266 1844 “Et
1289 1779 1450 1864 siquidem
1472 1801 1525 1844 me

313 1872 457 1991 wal&
481 1887 498 1918 “
521 1883 592 1948 sine
612 1882 832 1948 cardinalibus
850 1882 940 1948 abire
963 1880 1178 1969 permittitis?
1226 1880 1352 1948 Scitote
1372 1881 1527 1966 quoniam

439 1979 445 1992 '
479 1985 515 2049 in
539 1985 614 2050 sinu
636 2006 709 2051 meo
731 2007 858 2051 mecum
880 2007 958 2071 gero
981 1984 1162 2052 cardinales
1185 1982 1410 2050 sufficientes.”
1456 1984 1527 2064 Quo

479 2087 595 2153 audito
610 2089 796 2153 timuerunt
808 2113 816 2168 ;
839 2089 989 2154 nolentes
1012 2092 1125 2153 tamen
1148 2087 1340 2153 consentire.
1379 2085 1527 2172 Cumque

479 2191 566 2277 ipsos
588 2191 722 2256 omnino
744 2189 974 2256 dissentientes
988 2190 1169 2278 reperisset,
1186 2189 1427 2276 quodammodo
1442 2211 1528 2254 com-

479 2297 589 2357 motus
626 2300 742 2357 contra
778 2313 842 2372 eos,
878 2293 1022 2358 surrexit
1059 2291 1100 2358 de
1136 2292 1207 2358 loco
1244 2291 1437 2370 consistorii,
1467 2291 1528 2356 hoc

480 2394 600 2474 dicens,
625 2394 692 2460 “Si
716 2393 898 2481 diligeretis
913 2417 966 2460 me
980 2394 1171 2481 gauderetis
1185 2394 1301 2482 utique
1316 2394 1395 2481 quia
1417 2393 1528 2458 vado.”

454 2543 455 2549 κ
481 2497 526 2562 Et
548 2502 646 2562 torvo
667 2497 775 2576 vultu,
799 2500 839 2561 ut
866 2519 994 2584 semper
1017 2503 1096 2576 erat,
1118 2498 1207 2584 ipsos
1229 2497 1412 2585 respiciens,
1436 2497 1527 2561 incu-

479 2599 586 2666 tiebat
607 2599 655 2664 eis
678 2599 831 2664 timorem
853 2599 1037 2666 maximum
1060 2605 1095 2664 et
1110 2604 1277 2666 terrorem.
1323 2600 1400 2688 Ipse
1415 2603 1526 2664 autem

479 2725 513 2768 se
536 2701 579 2767 ad
608 2701 878 2788 proficiscendum
910 2701 1049 2768 Romam
1081 2703 1301 2790 praeparavit3
1338 2709 1374 2768 et
1404 2703 1528 2767 curiam

479 2826 572 2869 suam
594 2804 815 2890 praemuniens
846 2805 960 2871 Romae
994 2805 1142 2872 futuram
1173 2805 1216 2870 ad
1248 2809 1374 2871 certum
1395 2811 1527 2892 tempus

478 2906 671 2992 assignavit,
694 2905 918 2972 cardinalibus
941 2907 1018 2973 inde
1041 2908 1182 2974 ulterius
1212 2913 1353 2974 tractare
1382 2929 1450 2972 non
1473 2930 1528 2973 cu·

477 3032 561 3075 rans.
607 3008 662 3074 Ad
685 3009 912 3075 comitandum
935 3031 1013 3098 ergo
1036 3033 1111 3076 cum
1133 3033 1172 3078 eo
1195 3010 1377 3076 cardinales
1393 3031 1526 3096 parave-

478 3117 564 3190 runt,
589 3135 631 3178 ex
656 3112 776 3178 timore
802 3111 908 3179 solum
929 3134 997 3179 non
1017 3135 1060 3178 ex
1085 3113 1269 3180 devotione.
1314 3111 1399 3178 Cum
1415 3117 1526 3178 autem

477 3216 548 3302 ipsa
570 3213 688 3280 civitas
710 3215 947 3282 Avinionensis
969 3220 1048 3280 ante
1064 3215 1135 3282 haec
1150 3221 1310 3302 tempora,
1326 3213 1526 3300 impediente

477 3339 553 3403 rege
569 3317 727 3397 Franciae,
751 3322 884 3382 murata
904 3339 972 3382 non
987 3316 1112 3397 fuisset,
1136 3319 1204 3404 ipse
1228 3338 1321 3403 papa,
1337 3315 1525 3402 irrequisito

477 3441 551 3506 rege
567 3418 734 3505 praedicto,
750 3440 845 3484 muro
865 3419 1025 3484 altissimo
1050 3425 1084 3485 et
1109 3419 1337 3485 decentissimo
1363 3439 1400 3483 ac
1425 3419 1525 3483 turri-

477 3522 539 3587 bus
563 3525 598 3587 et
613 3521 716 3607 portis
738 3521 977 3600 munitissimis,
1001 3543 1074 3586 cum
1105 3521 1229 3609 optimo
1251 3520 1382 3598 fossata,
1404 3521 1526 3586 muniri

478 3624 562 3689 fecit.
607 3623 698 3714 Ante
722 3624 814 3710 cujus
836 3626 1159 3706 consummationem,
1177 3624 1315 3692 Romam
1338 3645 1412 3689 cum
1436 3625 1526 3689 omni

479 3726 575 3793 curia
589 3749 648 3792 sua
670 3725 835 3813 profectus
858 3732 916 3791 cst.
962 3729 1018 3793 Ad
1033 3728 1126 3813 cujus
1141 3728 1322 3794 adventum
1338 3726 1480 3792 Romani
1495 3727 1526 3792 ei

313 3833 368 3884 The
382 3847 465 3896 empe-
477 3835 618 3896 castrum
635 3827 749 3894 Sancti
764 3830 887 3918 Augeli
909 3829 1127 3896 tradidenmt.
1174 3831 1359 3918 Imperator
1381 3852 1459 3896 vero
1485 3852 1524 3896 eo

311 3905 443 4024 ffflff
478 3938 623 4020 tempore
645 3933 682 3996 in
704 3931 856 4018 partibus
877 3931 945 3997 illis
968 3933 1115 4000 existens
1137 3957 1231 4022 papae
1254 3934 1386 3999 obviam
1412 3934 1524 4014 venit3

310 4033 433 4148 ffssdl‘ffi
477 4042 511 4102 et
533 4057 607 4101 cum
622 4057 723 4123 prope
738 4033 852 4100 urbem
869 4035 1007 4100 Romam
1030 4037 1189 4110 venirent.
1206 4037 1385 4126 imperator
1398 4037 1468 4123 ipsc
1483 4037 1523 4102 de

312 4113 425 4230 ,ffly
477 4159 560 4226 equo
575 4139 772 4204 descendens
791 4137 932 4203 fraenum
947 4132 1041 4226 pe'pae
1056 4144 1181 4218 tenens,
1196 4140 1304 4226 ipsum
1320 4139 1523 4226 equitantem

476 4241 512 4305 iu
527 4240 666 4326 pedibus
688 4239 860 4306 ambulans
883 4262 986 4326 usque
1009 4241 1052 4306 ad
1074 4241 1233 4308 Sanctum
1265 4242 1402 4307 Petrum
1427 4241 1524 4308 devo·

475 4343 601 4408 tissime
623 4341 789 4430 perduxit,
813 4363 872 4429 per
894 4343 1040 4429 spatium
1062 4343 1218 4410 videlicet
1240 4345 1341 4409 unius
1364 4345 1522 4412 milliaris.

312 4453 401 4503 Ursae
477 4445 625 4533 Cumque
656 4445 744 4510 idem
776 4467 859 4532 papa
892 4445 1016 4511 multas
1048 4446 1199 4512 ecclesias
1222 4445 1258 4510 in
1291 4446 1382 4527 urbe,
1405 4447 1524 4514 titulos

310 4519 461 4636 fflffiffe
476 4548 700 4626 cardinalium,
723 4554 758 4613 et
780 4547 863 4612 alias
886 4547 1014 4613 dirutas
1036 4553 1071 4614 et
1094 4549 1243 4614 ruinosas
1269 4549 1442 4627 inveniret,
1458 4555 1524 4614 sta

310 4660 337 4702 ²⁰
348 4653 433 4729 {01³³st
476 4654 545 4718 tuit
566 4660 605 4717 ut
628 4651 853 4736 unusquisque
876 4651 1042 4717 ecclesiam
1065 4673 1159 4717 suam
1182 4651 1269 4716 infra
1290 4657 1417 4717 certum
1440 4657 1524 4717 tem-

309 4719 440 4836 illlata.
476 4777 537 4840 pus
559 4753 620 4820 sub
642 4753 736 4840 gravi
759 4775 858 4839 poena
879 4761 1052 4838 repararet.
1114 4752 1197 4819 (ium
1222 4760 1333 4818 autem
1355 4753 1524 4820 ecclesiam
