3538 5860
394 900 596 952 wrnnmurs
618 889 813 952 unrocum
834 899 942 951 neers
964 901 1157 952 moremus.
1231 885 1295 956 ast

251 1075 333 1160 xiiij.
356 1075 462 1153 solidi,
477 1075 533 1161 vij.
556 1076 705 1156 denarii;
727 1076 820 1163 cujus
842 1099 979 1143 summae
1002 1077 1127 1143 decima
1149 1095 1225 1162 pars
1248 1079 1378 1140 esaan.
1394 1055 1467 1135 mol.

250 1178 319 1264 viij.
341 1177 445 1258 librae,
461 1179 519 1264 iiij.
535 1178 640 1257 solidi,
663 1178 723 1265 iiij.
748 1178 884 1258 denarii,
908 1180 1091 1265 quadrata3
1115 1180 1156 1244 de
1179 1179 1299 1266 quibus
1376 1175 1380 1180 ”

251 1280 388 1345 summis
411 1303 468 1346 seu
491 1281 798 1367 consumptionibus
829 1281 923 1346 nulla
955 1283 1081 1348 mentio
1114 1282 1299 1348 habebatur

251 1382 288 1446 in
321 1383 429 1469 prima
462 1387 578 1449 nostra
608 1383 770 1470 petitione
799 1385 1030 1472 suprascripta,
1057 1407 1133 1451 cum
1165 1391 1199 1451 ct
1231 1384 1298 1450 illae

251 1483 340 1568 iiiju.
374 1485 512 1562 libratae,
545 1485 628 1571 xliij.
662 1487 820 1567 solidatae,
843 1487 900 1573 vij.
937 1488 1129 1568 denariatas,
1160 1509 1299 1576 proven·

252 1591 349 1650 tuum
372 1609 557 1653 annuorum
578 1589 808 1675 temporalium
841 1595 876 1656 et
909 1590 1133 1678 spiritualium
1163 1589 1300 1677 praedic-

252 1693 362 1754 torum
377 1693 457 1754 tunc
472 1690 624 1756 similiter
638 1693 787 1757 consumi
798 1698 1008 1780 putarentur,
1024 1715 1098 1759 cum
1121 1693 1195 1758 aliis
1217 1695 1299 1780 praess

252 1791 384 1878 scriptis
415 1793 513 1857 terris
547 1797 581 1858 et
612 1794 811 1860 tenementis
832 1795 868 1859 in
890 1795 1146 1883 Therlesthorpe
1169 1799 1203 1860 et
1226 1795 1299 1860 aliis

252 1893 340 1958 villis
362 1895 566 1981 supradictis,
599 1917 637 1960 ac
669 1895 710 1960 de
743 1896 945 1983 praescriptis
979 1897 1072 1982 ccliij.
1106 1897 1244 1976 libratis,
1267 1920 1298 1962 x.

253 1995 402 2061 solidatis
423 1995 655 2083 temporalium
677 1998 768 2085 prius
783 1999 917 2078 terratis,
942 2000 983 2065 de
1006 1999 1126 2085 quibus
1140 1999 1299 2064 decimam

252 2121 327 2163 cum
350 2099 433 2165 clero
456 2099 583 2164 solvere
612 2100 849 2179 consuevimus,
878 2121 934 2165 xv.
956 2099 1086 2166 libratae
1109 2105 1144 2166 et
1166 2123 1220 2166 xv.
1244 2101 1299 2165 de·

252 2201 390 2268 uarietas
404 2202 637 2288 temporalium
658 2223 726 2267 non
748 2205 1026 2289 consumptorum,
1047 2203 1088 2268 de
1109 2203 1299 2290 praescripta

252 2304 433 2384 taxatione,
449 2303 649 2370 monasterio
664 2308 777 2370 nostro
799 2309 934 2370 tantum
955 2305 1195 2383 remansissent,
1210 2305 1299 2370 unde

253 2427 330 2470 xxx.
354 2407 484 2488 solidos,
512 2406 538 2492 j.
570 2407 750 2487 denarium,
785 2406 928 2487 obolum,
958 2411 1091 2472 tantum
1109 2410 1181 2494 ‘pro
1202 2407 1300 2472 dictis

252 2508 487 2594 temporalibus
509 2508 631 2573 nostris
653 2509 910 2590 remanentibus,
926 2509 1060 2575 dominc
1082 2510 1154 2596 regi
1175 2509 1212 2573 ln
1235 2509 1300 2574 sin·

253 2609 341 2694 gulis
362 2610 636 2676 decimationibus
659 2612 700 2676 de
727 2615 845 2678 caetero
869 2611 1093 2694 solveremus;
1114 2633 1300 2699 processum
1314 2619 1462 2686 Suspeeting

253 2711 440 2777 indebitum
463 2735 501 2777 ac
523 2713 771 2799 inquisitionem
801 2735 899 2800 super
931 2713 1028 2780 dictis
1051 2713 1203 2780 omnibus
1225 2735 1300 2779 con-
1312 2687 1393 2804 ἓξὲξ
1405 2687 1466 2752 they

254 2815 498 2901 sumptionibus
529 2815 690 2895 fictitiam,
726 2821 760 2880 et
793 2815 942 2880 fraudem
972 2837 1010 2882 ac
1034 2816 1192 2881 damnum
1222 2819 1450 2902 ergaiudsment·

255 2915 426 2982 dominum
458 2939 567 3005 regem
600 2921 768 3003 utcunque
791 2918 991 2997 molientem,
1014 2918 1179 3005 suspicati,
1208 2917 1300 3004 judi·

255 3018 342 3083 cium
376 3041 473 3108 super
507 3019 701 3085 allocatione
735 3021 969 3107 praedictorum
1002 3043 1034 3086 x.
1065 3019 1232 3098 librarum,
1265 3020 1298 3106 ij.

254 3122 441 3202 solidorum,
456 3143 487 3186 x.
502 3122 719 3202 denariorum,
736 3123 832 3199 eboli,
854 3123 982 3188 ratione
1003 3121 1096 3209 prius
1117 3122 1299 3210 petitorum

255 3246 315 3310 pro
348 3245 390 3289 cc.
423 3221 562 3303 libratis,
595 3224 676 3310 lviij.
710 3225 859 3290 solidatis
893 3231 927 3290 et
959 3224 1003 3311 vj.
1040 3224 1229 3303 denariatis,
1261 3225 1297 3289 in

255 3327 508 3414 Tharlesthorpe
539 3331 573 3392 et
605 3327 678 3391 aliis
700 3326 791 3392 villis
822 3327 859 3391 in
881 3327 990 3413 prima
1010 3327 1172 3413 petitione
1193 3326 1300 3392 nomi-

256 3429 354 3508 natis,
377 3429 512 3495 reddere
543 3429 752 3494 distulerunt.
799 3429 913 3494 Abbes
947 3435 1059 3495 autem
1091 3435 1211 3511 noster,
1242 3451 1301 3518 per
1313 3445 1369 3495 The
1380 3445 1424 3495 ae

256 3553 353 3596 suum
375 3535 583 3596 attornatum
606 3531 789 3596 Henricum
820 3529 991 3611 Randclfe,
1015 3531 1073 3617 qui
1095 3531 1200 3618 ipsam
1222 3531 1301 3596 allo·
1312 3509 1467 3644 ξζξᾪῖωῗ·

256 3633 418 3699 cationem
452 3634 609 3698 continuo
642 3632 878 3719 exequebatur,
907 3632 950 3698 ed
980 3633 1106 3698 dietum
1127 3633 1301 3720 praefixum
1314 3647 1402 3696 mande

257 3736 344 3801 diem
379 3737 555 3822 quindenae
589 3735 705 3801 Sancti
736 3734 874 3799 Hillarii
905 3735 941 3798 in
963 3736 1121 3800 scaccario
1143 3714 1445 3830 praediotelossdffiffli

257 3859 456 3925 comparens,
475 3838 639 3924 judicium
671 3837 735 3904 sibi
768 3838 840 3904 fieri
875 3836 916 3901 de
946 3835 1139 3903 allocaticne
1165 3837 1428 3924 praedic-clamos

257 3947 368 4005 torum
406 3962 436 4006 x
467 3941 635 4017 librarum,
669 3941 702 4026 ij.
722 3939 925 4020 solidorum,
963 3961 994 4004 x
1027 3939 1236 4005 denariorum
1268 3913 1463 4032 etffffingi

258 4041 367 4122 oboli,1
383 4045 513 4109 ratione
534 4043 821 4128 consumptionum
835 4063 893 4129 per
908 4040 1032 4106 dictam
1054 4039 1303 4127 inquisitionem
1317 4045 1387 4124 loqu
1400 4045 1455 4095 first

257 4151 508 4233 compertarum,
531 4145 710 4212 secundum
740 4165 835 4209 suam
864 4143 1005 4231 primam
1027 4145 1232 4231 petitionem,
1253 4113 1452 4229 ill-pprtraoneo

258 4253 385 4313 stanter
407 4247 598 4334 postulavit.
645 4245 720 4324 Sed,
752 4233 829 4331 quia
863 4245 954 4311 curie
987 4246 1165 4312 deliberare
1197 4247 1305 4312 decre·
1318 4268 1470 4318 Thematter

258 4355 353 4416 verat
375 4351 411 4414 in
433 4349 610 4436 premissis
631 4354 810 4434 antequam
828 4348 967 4414 ulterius
988 4351 1183 4436 procederet,
1207 4351 1305 4416 datus
1316 4336 1429 4385 neenec

183 4539 188 4552 ι
258 4451 325 4516 fuit
358 4453 443 4518 alius
477 4451 547 4517 dies
581 4449 697 4516 abbati
729 4455 851 4530 nostro,
875 4457 914 4518 ut
936 4452 1106 4539 negotium
1136 4453 1246 4539 ipsum
1267 4402 1442 4518 inmutet

293 4705 301 4740 ¹
318 4705 395 4760 saer
405 4705 476 4768 oboli,
486 4705 557 4772 prius
568 4704 701 4771 petitorum
712 4718 758 4768 pro
806 4703 951 4766 mundans,
963 4703 991 4756 in
1003 4703 1206 4772 Tharleetlrorpe,
1213 4707 1305 4759 nndm.

260 4801 297 4837 ce.
317 4787 422 4850 libralis,
444 4785 508 4849 lviij.
530 4783 642 4837 solidmis
665 4791 690 4834 et
711 4797 758 4834 sex
805 4783 1138 4838 linedr'cremnreinMS.
