3578 5874
501 839 565 910 270
728 855 868 906 rnouas
889 855 999 906 annas
1021 855 1138 906 roras
1159 855 1321 907 nncnrua

331 1033 399 1088 al)
407 1041 487 1087 1³⁹6-
498 1029 597 1109 tibus,
598 1035 677 1095 —at
692 1031 907 1110 catera-dc
922 1052 1065 1118 congruo
1080 1031 1224 1096 remedio
1239 1031 1434 1116 dignaretur
1448 1028 1545 1094 citius

332 1107 404 1157 ¹³⁹⁹
497 1133 677 1219 providere,
696 1155 734 1199 ac
756 1155 887 1200 causam
909 1133 1012 1220 ipsam
1037 1129 1241 1198 committere
1261 1132 1361 1198 alicui
1383 1155 1425 1197 ex
1447 1153 1545 1196 vcna-

496 1234 655 1300 rabilibus
679 1237 761 1302 sacri
778 1236 896 1323 palatii
922 1235 1093 1322 apostolici
1114 1235 1322 1301 auditoribus
1345 1233 1544 1300 audiendam

496 1342 531 1402 et
552 1337 618 1402 fine
640 1337 753 1404 debito
786 1338 1047 1418 terminandam
1080 1360 1155 1403 cum
1177 1343 1343 1426 potestate
1374 1337 1476 1402 etiam
1498 1335 1544 1401 ci·

497 1440 593 1504 tandi
638 1440 742 1506 dictos
787 1441 956 1506 dominum
993 1439 1176 1506 Robertum
1213 1440 1347 1526 Burlay,
1390 1439 1543 1504 abbatem

497 1542 689 1608 monasterii
711 1543 752 1608 dc
775 1542 947 1624 Fontibus,
970 1563 1008 1608 ac
1031 1543 1201 1608 dominum
1222 1542 1382 1608 Thomam
1406 1542 1541 1620 Burtcn,

497 1645 663 1712 intrusum
694 1651 730 1710 at
766 1651 966 1732 praetansum
999 1647 1105 1712 nostri
1134 1645 1333 1723 monasterii,
1365 1645 1402 1710 in
1433 1665 1544 1710 eorum

497 1747 637 1834 propriis
667 1749 824 1834 personis,
825 1752 906 1814 -et
927 1753 1055 1825 catera,
1057 1771 1138 1814 —ac
1161 1749 1273 1814 omnia
1302 1748 1369 1813 alia
1395 1745 1544 1822 faciendi,

332 1843 461 1923 Thcpppe
498 1850 641 1938 gerendi,
644 1856 723 1916 —et
749 1854 874 1917 caetcra
920 1850 1023 1936 Cujus
1049 1851 1222 1938 supplicat
1212 1850 1297 1916 ronis
1327 1851 1545 1928 calisam-et

331 1913 486 2044 iiffliiiry
499 1957 625 2034 cratera,
628 1953 827 2018 -dominus
864 1975 950 2040 papa
988 1953 1153 2018 commisit
1194 1953 1327 2018 domino
1365 1951 1544 2029 Francisco,

332 2044 385 2095 ¹¹¹⁰
396 2046 438 2096 ¹¹¹¹
498 2057 598 2122 titulo
621 2055 751 2122 Sancta
767 2055 928 2122 Susannae
950 2055 1092 2142 virginis
1115 2055 1305 2142 presbytero
1322 2053 1485 2130 cardinali
1507 2072 1545 2117 ac

332 2119 427 2228 mii
400 2195 446 2240 aa
498 2158 620 2244 ipsius
632 2156 782 2223 ‘domini
796 2179 892 2244 papsa
916 2178 1044 2222 summo
1058 2157 1315 2274 poenitentiario,
1339 2155 1544 2232 audiendam

332 2247 469 2362 ⁰¹¹3?ss
499 2264 652 2324 -tetcae
653 2281 714 2325 era.
747 2259 851 2344 Cujus
862 2279 1099 2325 commrsuoms
1114 2265 1280 2347 praetcxtu
1294 2259 1382 2324 idem
1399 2257 1547 2324 Francis·

334 2384 557 2428 annaeus
572 2361 755 2442 cardinalis,
757 2367 837 2426 -et
852 2367 979 2442 caetera,
981 2362 1210 2428 -transmisit
1224 2361 1338 2426 abbati
1360 2359 1549 2426 monasterii

334 2467 455 2518 Theca·
501 2465 541 2530 de
564 2463 665 2529 Paroa
689 2463 792 2530 Ludae
814 2468 849 2529 et
871 2465 1028 2552 magistro
1054 2465 1203 2530 Antonio
1226 2464 1274 2529 de
1294 2464 1416 2530 Sancto
1442 2462 1545 2542 Quin-

333 2534 582 2652 fflssnfflottina
598 2567 715 2632 rectori
734 2566 876 2632 ecclcsiae
898 2567 1093 2654 parochialia
1118 2567 1157 2632 de
1173 2565 1363 2632 Hornesse·
1353 2589 1391 2631 m
1407 2565 1545 2631 Holdcr·

333 2667 431 2718 aaron
442 2677 469 2719 ¹⁰
500 2691 600 2748 nesse,
615 2691 673 2756 par
695 2670 824 2736 litteras
845 2691 930 2747 suas,
945 2669 1140 2757 quatenus
1130 2669 1195 2756 ipsi
1214 2691 1272 2736 seu
1293 2669 1439 2756 ipsorum
1454 2669 1545 2749 alter,

333 2737 488 2853 iffi&
501 2774 544 2838 ad
566 2772 753 2859 hujusmodi
783 2794 991 2860 congrue
957 2772 1144 2859 requisitus,
1169 2773 1346 2859 praefatum
1376 2771 1545 2838 dominum

334 2867 399 2918 Rom
374 2883 421 2919 ¹¹¹¹
502 2875 660 2941 Thomam
676 2875 814 2954 Burtcn,
829 2875 995 2941 intrusum
1017 2880 1053 2942 et
1074 2879 1276 2962 praetcnsum
1290 2875 1397 2940 nostri
1419 2895 1547 2940 monas·

503 2979 580 3046 terii
610 2979 652 3044 dc
674 2977 786 3056 Mclsa
818 2977 959 3044 citarent
991 2999 1049 3044 seu
1080 2978 1206 3056 citaret,
1230 2977 1431 3064 quatenus
1421 2999 1458 3042 m
1487 2999 1547 3042 sua

504 3083 635 3171 propria
671 3103 810 3169 persona
849 3085 1050 3166 compareret
1093 3101 1202 3146 coram
1239 3079 1377 3166 praefato
1415 3080 1547 3146 domino

505 3186 686 3263 Francisoo,
708 3185 811 3271 ipsius
844 3205 950 3250 causae
972 3185 1123 3250 auditore
1155 3185 1322 3271 deputato,
1352 3184 1548 3271 octogesima

504 3289 557 3354 dic
580 3293 655 3376 post
677 3287 866 3374 hujusmodi
899 3286 1088 3352 citationem
1114 3287 1178 3352 sibi
1199 3287 1321 3354 factam
1344 3309 1381 3354 ac
1402 3287 1547 3375 legitime

503 3392 713 3479 publicatam,
732 3389 888 3478 ¹proximo
916 3390 969 3454 dic
987 3389 1218 3476 juridica—et
1243 3391 1547 3468 caetera-auditu·

503 3517 577 3559 rum
592 3499 626 3560 at
640 3494 892 3570 facturum—et
907 3497 1032 3558 caetera
1079 3492 1282 3580 Insuperquc
1297 3493 1385 3558 idem
1401 3493 1548 3558 Francis·

504 3617 561 3662 cua
582 3595 767 3661 transmisit
788 3595 863 3660 aliis
884 3595 1029 3682 personis
1051 3595 1299 3682 quibuscunque
1317 3595 1547 3672 ecclesiasticis,

504 3699 592 3786 ipsis,
614 3701 651 3764 in
672 3699 797 3764 virtute
818 3703 942 3764 sanctas
964 3697 1161 3765 obedientia
1188 3705 1221 3764 at
1243 3698 1306 3764 sub
1330 3699 1548 3765 excommuni-

504 3799 642 3867 cationis
675 3821 782 3888 poena,
805 3800 914 3866 dando
944 3799 1085 3866 firmiter
1114 3800 1151 3865 in
1181 3801 1355 3882 mandatis,
1388 3806 1547 3887 quatenus

503 3903 644 3970 littaris¹
675 3903 796 3990 ipsius·
816 3903 1008 3990 patentibus
1038 3925 1076 3968 ac
1108 3903 1211 3990 ipsius
1240 3903 1429 3990 hujusmodi
1466 3905 1548 3970 cita·

504 4006 628 4072 tionem
666 4005 910 4072 continentibus
951 4005 995 4070 ad
1033 4005 1094 4072 hoc
1132 4025 1273 4092 congrua
1309 4005 1462 4094 requisiti
1492 4025 1549 4072 seu

504 4131 616 4175 eorum
638 4107 756 4194 aliquis
778 4109 964 4195 requisitus,
981 4107 1161 4172 secuudum
1184 4107 1320 4174 formam
1335 4115 1370 4174 et
1395 4107 1548 4174 effectum

504 4211 668 4276 dictarum
690 4231 822 4276 suarum
844 4211 1044 4289 litterarum,
1060 4210 1200 4276 citarent
1222 4231 1279 4277 scu
1304 4211 1422 4278 citaret
1444 4211 1548 4278 dictos

504 4313 676 4380 dominum
709 4313 888 4378 Robertum
924 4311 1058 4398 Burlay,
1092 4312 1246 4379 abbatem
1280 4314 1470 4380 monasterii
1507 4314 1548 4380 de

505 4417 675 4496 Fontibus,
697 4437 735 4481 ac
760 4415 930 4480 dominum
952 4413 1111 4481 Thomam
1134 4415 1271 4495 Burtcn,
1293 4418 1398 4482 nostri
1419 4437 1549 4483 monas-

503 4520 581 4586 terii
602 4520 785 4585 instnrsum
807 4522 842 4584 et
872 4521 1080 4604 praetensum,
1102 4523 1266 4605 quatenus
1296 4519 1441 4606 ipsorum
1461 4525 1549 4586 uter·

868 4770 993 4836 ¹12·an
1013 4771 1177 4827 imaus
