3614 5888
503 867 677 930 nonestus
699 875 809 928 assas
831 877 962 928 ssxrus
985 876 1146 926 suenrus.
1284 865 1347 928 143

299 1061 410 1133 sasset,
439 1077 482 1122 ex
505 1077 572 1142 qua
593 1055 699 1120 filium
726 1053 905 1119 Ricardum
927 1075 1037 1140 regem
1066 1053 1245 1118 secundum
1275 1073 1349 1138 pro-
1362 1059 1431 1111 Am.
1444 1065 1508 1112 issa

299 1157 445 1236 oneravit,1
467 1158 569 1224 abbas
599 1154 734 1224 noster¹
756 1155 925 1222 districtim
947 1155 1012 1221 fuit
1034 1156 1079 1222 ad
1101 1160 1223 1222 saetam
1249 1155 1348 1222 curiae
1361 1130 1512 1274 tffiyos

301 1259 341 1326 de
365 1259 598 1348 Cotyngham³
624 1282 684 1348 pro
705 1259 904 1326 tenementis
933 1258 1055 1324 nostris
1077 1259 1201 1324 ibidem
1229 1258 1350 1324 facien
1363 1275 1479 1341 Gotting-

301 1362 386 1428 dam.
434 1363 488 1442 Et,
512 1364 591 1450 quia
613 1385 673 1429 nos
701 1363 828 1428 nullam
850 1367 972 1428 secmm
1001 1361 1045 1426 ad
1075 1361 1199 1428 dictam
1225 1361 1349 1427 curiam
1362 1342 1430 1470 ξιξ·
1445 1423 1479 1472 bb

300 1465 405 1534 facere
427 1467 630 1546 tenebamur,
652 1466 756 1532 abbas
781 1469 893 1530 noster
920 1469 1110 1551 prosecutus
1131 1469 1182 1531 est
1209 1465 1252 1532 ad
1274 1486 1350 1530 con·
1364 1429 1506 1539 midaei

301 1569 411 1634 silium
446 1568 529 1635 dicti
566 1569 692 1634 domini
721 1567 887 1655 principis,
922 1566 1124 1632 ostendendo
1151 1568 1284 1632 chartas
1315 1556 1435 1671 stiffi?
1446 1553 1496 1606 ⁸¹¹st

301 1671 367 1736 alia
388 1673 594 1738 munimenta
615 1675 730 1738 nostra
751 1670 839 1736 facta
860 1692 920 1757 pro
942 1673 1032 1734 secta
1053 1669 1211 1756 predicta
1233 1690 1351 1735 exone·
1363 1629 1443 1740 loiri

301 1774 404 1840 rande
426 1779 462 1840 et
485 1773 749 1840 districtionibus
778 1771 949 1838 cassandis.
1006 1771 1054 1837 Et
1074 1793 1172 1859 super
1186 1773 1248 1838 hoc
1269 1773 1351 1836 visis
1364 1765 1512 1882 {meanto

303 1881 337 1941 et
359 1877 557 1943 examinatis
580 1875 678 1942 dictis
704 1873 849 1941 chartis⁴
877 1871 1032 1952 nostris,⁶
1062 1875 1169 1940 dictus
1200 1875 1350 1960 prinecps
1363 1843 1520 1952 {oiffim

303 1979 476 2044 mandavit
497 1979 643 2045 litteram
675 1975 794 2044 suam⁰
827 1976 1002 2042 senescallo
1025 1976 1106 2042 dicti
1139 1977 1279 2044 manerii
1309 1977 1350 2042 de
1363 1979 1517 2044 Inquisitou

304 2079 539 2168 Ootyngham,⁷
568 2081 611 2146 ad
648 2079 893 2166 inquirendum,
930 2101 988 2166 per
1017 2078 1136 2144 liberos
1168 2084 1203 2144 et
1231 2078 1352 2166 legales
1363 2047 1449 2098 ‘mn'

303 2181 451 2249 homines
481 2183 522 2248 de
552 2182 697 2250 dominio
722 2181 891 2270 praedicto,
913 2181 942 2246 si
972 2180 1081 2247 dictus
1110 2181 1212 2246 abbas
1240 2187 1353 2247 noster

303 2285 356 2350 vel
379 2285 631 2371 praedeoessores
665 2285 717 2352 sui
751 2284 794 2350 ed
827 2284 951 2368 uniam
984 2284 1176 2370 praedictam
1205 2283 1352 2371 aliquam

303 2392 426 2454 sectam
447 2388 553 2455 facere
575 2388 763 2454 debuerunt
785 2386 840 2454 vel
861 2387 966 2452 facere
991 2377 1256 2453 consuevenmt'
1286 2387 1352 2456 Ou-

299 2489 356 2574 jus
389 2490 511 2556 litterae
549 2494 715 2578 praetextu
746 2489 941 2556 senescallus
978 2489 1075 2556 dictae
1109 2489 1231 2556 eurias⁸
1264 2491 1352 2578 cepit

304 2593 551 2678 inquisitionem
588 2593 629 2658 de
658 2593 842 2679 praemissis
903 2591 1004 2657 Unde
1029 2591 1160 2678 jurati⁹
1193 2593 1352 2660 dixerunt

304 2695 392 2782 quod
406 2696 583 2782 praedictus
605 2694 707 2761 abbas
721 2700 834 2760 noster
855 2693 967 2761 omnia
986 2701 1091 2760 terras
1112 2700 1147 2761 et
1161 2699 1353 2762 tenementa

305 2819 378 2883 quae
412 2798 531 2864 habuit
563 2799 601 2864 in
631 2797 843 2885 Ootyngham
875 2798 913 2861 in
944 2818 1060 2884 puram
1094 2803 1129 2862 et
1159 2802 1351 2884 perpetuam

304 2900 543 2986 eleemosynam
567 2900 608 2966 de
630 2899 763 2966 domino
794 2899 933 2966 manerii
955 2899 1117 2985 praedicti,
1138 2900 1261 2986 absque
1290 2900 1352 2966 ali-

304 3025 369 3089 quo
392 3004 528 3070 servitio
550 3003 709 3082 saeculari,
732 3003 850 3080 tenuit,
874 3021 934 3067 nec
957 3001 1102 3087 aliquam
1132 3006 1254 3068 sectam
1283 3004 1353 3089 ipse

304 3105 359 3170 vel
372 3105 621 3193 praedecessores
643 3107 695 3172 sui
709 3105 814 3170 facere
829 3103 1015 3168 debuerunt
1029 3104 1082 3168 vel
1104 3109 1351 3170 consueverunt

306 3207 369 3274 Per
400 3231 501 3296 quam
534 3209 792 3297 inquisitionem,
815 3228 922 3273 coram
956 3206 1046 3272 dicto
1069 3206 1233 3272 Edwardo
1262 3208 1352 3293 prin-
1363 3226 1419 3276 The

305 3311 375 3397 cipe
390 3311 436 3377 sic
450 3317 653 3377 retornatam
669 3315 704 3378 et
718 3312 892 3388 ostensam,
909 3313 943 3374 et
960 3309 1060 3374 etiam
1074 3313 1208 3396 propter
1222 3309 1352 3375 chartas
1363 3293 1470 3410 iside&
1493 3387 1504 3398 ⁸

306 3417 341 3478 ct
364 3415 571 3480 munimenta
593 3419 715 3492 nostra,
745 3414 834 3478 idem
856 3413 1007 3500 princeps
1027 3412 1150 3477 iterum
1179 3375 1496 3490 mandavitoneridi}

305 3515 435 3581 litteras
449 3538 525 3582 suas
546 3517 687 3604 praefato
701 3515 885 3593 senescallo,
901 3516 945 3580 ad
968 3517 1090 3581 sectam
1111 3515 1203 3580 illam
1218 3515 1351 3582 omnino
1363 3493 1439 3544 uem.

306 3619 548 3686 exonerandam
571 3625 606 3685 et
628 3619 867 3686 districtionem
889 3617 1087 3684 cassandam.
1132 3618 1216 3698 Qua
1239 3619 1353 3685 littera

305 3725 452 3788 remanet
473 3721 522 3785 -in
543 3721 634 3787 curia
666 3721 784 3788 rotulis
807 3721 906 3788 curiae
935 3726 1079 3787 consuta.
1126 3721 1226 3788 Unde
1248 3721 1350 3790 abbas

305 3828 416 3890 noster
446 3824 625 3931 praedictus
654 3829 690 3890 et
712 3846 908 3892 successores
930 3825 982 3890 sui
1011 3825 1048 3889 in
1070 3825 1230 3912 praedicta
1261 3827 1352 3892 curia

342 4014 349 4046 ¹
367 4031 396 4064 er
414 4053 420 4065 .
438 4052 444 4066 .
463 4052 468 4064 .
484 4017 637 4082 procrearit]
656 4017 771 4082 wanting
781 4017 807 4066 in
885 4019 895 4046 ⁶
912 4015 988 4068 arur
1006 4031 1075 4064 suom
1092 4016 1180 4078 insert,
1200 4017 1285 4082 sigillo
1307 4033 1353 4068 suo

308 4093 338 4146 P.
855 4095 986 4162 signatam,
997 4094 1027 4146 P.

340 4171 444 4224 ’After
453 4181 535 4224 mater
546 4173 633 4236 insert,
644 4189 689 4239 per
699 4191 808 4240 praecep·
885 4171 1046 4224 7sertescullu
1063 4211 1070 4224 .
1088 4212 1094 4225 .
1112 4212 1119 4224 .
1140 4175 1301 4244 Colyrtolam]
1320 4177 1352 4226 ad

309 4261 364 4302 tum
375 4259 435 4304 tnnc
446 4253 578 4304 senescalli
597 4255 629 4304 de
641 4255 810 4319 Cotyngham,
852 4261 912 4304 time
923 4253 1087 4304 senmcallum
1098 4254 1159 4305 dicti
1169 4256 1284 4318 manerii,
1295 4255 1326 4308 P.

308 4331 337 4380 P.
885 4332 984 4382 ⁸ds'ctae
994 4333 1082 4400 merite]
1101 4335 1133 4384 ad
1149 4334 1244 4386 curiam
1257 4335 1351 4386 ibidem

341 4407 398 4462 ide
413 4411 562 4478 Cotyaqlmm
580 4430 747 4464 .......
748 4413 806 4478 tris]
853 4418 956 4474 tentam,
967 4413 998 4464 P.

307 4489 457 4555 vantingln
469 4491 500 4540 P.
887 4491 1089 4556 ⁹iaquisitionem
1106 4531 1112 4544 .
1131 4531 1137 4542 .
1156 4531 1162 4542 .
1187 4495 1282 4561 jurati]
1307 4509 1352 4559 per

341 4569 445 4620 *After
466 4569 559 4620 charas
581 4565 667 4632 insert,
684 4577 710 4621 et
726 4569 811 4621 muni·
853 4570 1048 4635 inquisitionem,
1067 4573 1090 4620 si
1112 4573 1246 4636 pradictus
1274 4575 1351 4624 abbas

307 4649 407 4710 mentis,
417 4649 448 4700 P.
665 4707 668 4714 ¹
853 4657 938 4702 noster
961 4657 986 4701 et
1008 4653 1201 4714 predecessores
1229 4653 1277 4715 sui,
1305 4661 1352 4705 etc.

340 4729 351 4760 ⁵
368 4728 445 4779 After
456 4733 546 4780 nornis
563 4729 650 4790 insert,
669 4743 714 4796 per
727 4729 810 4781 consi·
854 4729 904 4792 Qui
915 4745 990 4794 snper
1000 4738 1181 4781 samamsntum
1197 4747 1279 4794 mum,
1289 4733 1318 4785 Ρ.

309 4807 372 4858 lium
382 4823 456 4858 suum
467 4809 625 4874 pradictum,
636 4807 666 4860 P.
