3538 5860
489 899 554 964 tot
734 905 937 960 arsurum
959 903 1069 956 Annus
1090 903 1284 958 moremus

321 1083 743 1156 A.D.1cot-·ounouesltssins
761 1081 897 1148 subsidii,
916 1081 947 1142 in
966 1080 1094 1152 singulis
1106 1079 1342 1140 comestionibus
1360 1078 1541 1140 cecimncrs

325 1167 396 1214 ¹⁴¹⁵·
487 1167 755 1232 successurorum
771 1184 825 1239 per
837 1165 950 1226 clerum
967 1165 1055 1226 diets
1072 1165 1220 1238 provinces
1232 1164 1342 1223 tuturis
1359 1163 1541 1238 temporibus

487 1252 638 1323 faciendis.
657 1271 710 1332 pro
737 1250 899 1328 quantitate
927 1254 958 1310 ct
981 1249 1081 1308 valore
1105 1248 1315 1322 predictarum
1339 1253 1486 1307 terrarum
1511 1252 1543 1306 et

486 1335 715 1409 possessionum,
739 1341 774 1391 ut
790 1331 992 1412 premittitur,
1007 1337 1248 1406 consumptarum
1274 1337 1305 1388 ct
1322 1331 1539 1395 inundaturum,

488 1420 525 1477 de
543 1425 650 1477 cetero
668 1417 762 1490 quieti
779 1423 810 1474 st
828 1415 976 1472 exonerati
993 1416 1119 1472 existant
1136 1418 1364 1489 imperpetuum.
1402 1415 1439 1471 ln
1457 1415 1542 1486 cujus

487 1504 532 1558 rel
562 1503 763 1560 testimoninm
793 1501 846 1557 bes
873 1500 990 1556 litteras
1016 1505 1133 1556 nostrus
1160 1499 1224 1555 fleri
1251 1500 1374 1558 fecimus
1398 1503 1541 1572 petentes.

488 1585 575 1646 Teste
613 1586 726 1658 meipso
763 1583 842 1662 opud
867 1584 1170 1652 Westuronsstesium,
1210 1589 1313 1655 cuuto
1342 1583 1456 1642 decimo
1493 1582 1543 1640 die

489 1669 635 1738 omues,
655 1687 730 1728 enno
748 1668 834 1740 regni
851 1668 947 1728 nostri
965 1672 1076 1728 cetero.

322 1763 470 1844 moenere
533 1753 604 1825 Neo
626 1759 739 1824 tumen
761 1753 870 1822 adhuc
892 1752 1028 1818 vivente
1054 1751 1126 1842 ipso
1150 1771 1226 1842 rege
1248 1751 1336 1820 fecta
1357 1754 1408 1818 est
1432 1749 1542 1836 eliqua

322 1833 442 1950 {effic
489 1853 640 1926 allocatio
662 1856 760 1926 dictm
783 1854 905 1926 chartae
935 1853 971 1922 in
993 1853 1152 1924 scaccario
1174 1873 1243 1934 suo,
1266 1875 1326 1922 nec
1348 1852 1542 1920 beneficium

323 1964 423 2044 euagre
489 1955 624 2048 eliquod
655 1955 796 2028 assecuti
833 1955 941 2026 edbuc
979 1977 1093 2024 sumus
1130 1953 1167 2024 in
1200 1953 1420 2026 diminutione
1442 1959 1540 2032 tonse,

322 2033 469 2164 ffisslsse
489 2059 592 2152 ipsius
625 2059 748 2130 chertae
779 2062 954 2152 praetextu
1001 2057 1111 2136 Unde,
1146 2057 1183 2126 in
1218 2056 1357 2146 singulis
1387 2078 1542 2124 convoca-

489 2161 638 2234 tionibus
659 2161 873 2254 praelatorum
899 2166 933 2230 et
956 2159 1034 2226 oleri
1057 2158 1236 2251 provincim
1265 2159 1478 2227 Eboreoensis
1507 2163 1544 2224 et

489 2262 751 2332 concessionibus
767 2261 967 2331 decimarum
982 2265 1017 2331 et
1032 2282 1299 2364 quorumcunque
1313 2259 1542 2342 subsidiorum,

489 2365 680 2454 presumpta
693 2369 886 2434 tenementa
900 2363 947 2434 sic
967 2369 1162 2452 consumpte
1182 2385 1243 2432 nos
1258 2368 1423 2452 oporteret
1438 2363 1544 2430 adhue

489 2466 624 2534 omnino
646 2465 794 2556 excipere
827 2487 887 2557 pro
911 2465 1025 2532 debite
1039 2465 1241 2546 allocetione,
1263 2465 1443 2534 secundum
1469 2487 1544 2554 pro·

490 2588 615 2638 cessum
637 2571 869 2659 praenotatum,
892 2589 930 2637 ao
950 2567 1181 2638 ollocctionem
1208 2572 1242 2636 et
1265 2569 1544 2644 exonerationem,

489 2669 526 2734 in
546 2669 635 2734 dioto
658 2669 818 2740 soaccuric
840 2669 937 2758 regie,
959 2691 1019 2756 pro
1042 2671 1231 2758 quontitate
1265 2669 1428 2740 dictorum
1452 2675 1543 2738 tene

489 2776 678 2840 mentorum
687 2773 733 2838 sio
744 2776 1019 2858 consumptorum,
1032 2793 1090 2860 per
1104 2771 1294 2860 hujusmodi
1308 2771 1542 2860 exceptionem,

323 2878 401 2930 rom
490 2873 527 2942 in
549 2873 687 2960 siugulis
710 2873 871 2960 compotis
892 2873 1113 2956 collectorum,
1143 2873 1309 2944 inste-nter
1338 2879 1454 2962 petere
1500 2875 1543 2940 In

324 2945 479 3079 {lffiff
490 2975 628 3064 singulis
650 2995 727 3062 ergo
750 2975 1041 3041 convocationibus
1063 2975 1274 3062 prelatorum
1301 2979 1337 3041 et
1358 2977 1435 3042 cleri
1469 2997 1543 3063 prc-

323 3077 468 3132 ⁸1¹0v⁸¹¹0e
490 3077 611 3146 vinciae
634 3077 859 3156 Eboreoensis,
874 3082 909 3143 et
927 3077 1189 3146 concessionibus
1205 3078 1404 3144 decimarum
1420 3085 1453 3144 et
1468 3079 1542 3145 sub-

490 3179 650 3250 sidiorum
672 3179 806 3249 dominc
828 3178 900 3266 regi
922 3183 957 3250 et
987 3179 1060 3248 aliis
1090 3179 1193 3258 fectis,
1215 3180 1304 3250 inter
1326 3180 1406 3248 alins
1429 3203 1545 3270 excep·

490 3278 598 3352 tiones
619 3281 708 3351 fecta
729 3287 781 3348 est
802 3287 918 3350 nostre
947 3283 1107 3368 exceptio,
1129 3283 1191 3348 sub
1212 3282 1274 3350 bec
1297 3281 1473 3362 forme-r
1487 3307 1543 3352 ex·

491 3389 510 3420 “
532 3383 636 3471 ceptis
650 3383 748 3448 terris
763 3389 798 3449 et
812 3384 1012 3450 tenementis
1033 3405 1072 3449 so
1093 3385 1349 3472 possesionibus
1362 3385 1494 3452 sbbetis
1507 3393 1544 3454 et

492 3489 511 3524 '⁸
532 3489 714 3550 conventus
738 3485 779 3550 de
813 3483 917 3551 bislee
947 3507 1007 3574 per
1028 3507 1129 3574 eques
1161 3487 1269 3569 maris,
1294 3487 1479 3569 Hnmbriss,
1508 3493 1542 3554 et

491 3583 671 3651 “oliorum
697 3585 875 3652 fluviorum
906 3587 944 3652 in
978 3587 1174 3672 Holdernes,
1210 3589 1412 3656 destruetis.’'
1469 3591 1541 3674 Qua

490 3685 624 3774 quidem
646 3691 762 3758 nostra
776 3687 974 3776 ‘exceptione
997 3712 1056 3779 per
1072 3689 1177 3760 dictos
1199 3691 1353 3779 prelatos
1373 3697 1407 3760 et
1422 3693 1544 3762 clerum

490 3792 645 3858 continue
660 3789 809 3870 admissa
826 3796 861 3858 et
883 3792 920 3858 in
942 3791 1068 3860 dictum
1090 3794 1286 3862 eoscosrium
1308 3796 1394 3884 regis
1416 3797 1463 3862 sic
1477 3819 1544 3864 oer-

489 3892 626 3970 tilicsta,
649 3891 776 3959 ratione
811 3893 909 3962 dicte
939 3899 1062 3961 nostres
1093 3896 1294 3986 exceptionis
1316 3903 1350 3964 ct
1376 3919 1542 3985 processus

489 3993 672 4082 praescripti
694 3993 732 4060 in
754 3995 950 4062 sceocerium
972 3995 1168 4086 praediotum
1183 3997 1335 4066 similiter
1355 4001 1539 4084 certificati,

488 4095 526 4162 in
547 4093 686 4182 singulis
709 4096 970 4165 concessionibus
992 4099 1182 4170 medietatis
1197 4101 1297 4170 unius
1320 4099 1466 4186 deoimae,
1481 4127 1539 4192 pro

487 4196 726 4284 temporalibus
749 4199 830 4266 dicti
852 4201 1045 4270 monasterii
1067 4201 1109 4270 de
1133 4203 1237 4272 Melea
1257 4207 1293 4274 et
1313 4205 1541 4292 spiritur-libus

488 4297 611 4365 eisdem
648 4300 885 4388 temporalibus
922 4303 1069 4385 conexis
1104 4311 1239 4393 propter
1275 4309 1539 4400 consumptiones

487 4399 678 4488 hujusmodi
708 4403 749 4467 fit
781 4402 964 4471 diminutio
995 4410 1085 4473 texae
1107 4408 1384 4494 x111J.librsrum,
1407 4434 1438 4478 v.
1460 4413 1539 4479 soli·

488 4501 614 4582 domm,
632 4501 657 4590 j.
681 4501 816 4583 denarii,
837 4505 1038 4593 quadrantis,
1054 4513 1089 4575 et
1111 4509 1148 4575 in
1170 4513 1375 4580 concessione
1397 4513 1536 4602 integros

487 4603 625 4672 decimes
654 4607 770 4694 xxviij.
795 4607 965 4692 librarum,
987 4633 1019 4676 x.
1044 4612 1232 4694 solidorum,
1262 4615 1294 4700 ij.
1318 4617 1533 4697 denariorum,

318 4710 434 4840 {impr
486 4705 582 4772 oboli.
628 4709 675 4774 Et
697 4714 804 4776 restet
835 4712 958 4780 solutio
988 4719 1106 4782 nostra
1127 4715 1163 4782 in
1187 4717 1393 4783 concessione
1414 4720 1539 4786 medie·

316 4776 422 4960 2222,
485 4807 568 4874 tatis
591 4811 692 4880 unius
718 4812 865 4894 deoimae,
887 4837 947 4902 pro
976 4815 1214 4906 temporalibus
1244 4826 1279 4885 et
1309 4820 1538 4908 spiritualibus

342 4923 365 4959 θ.
