3538 5860
441 867 505 928 308
696 874 899 925 wltrnsaams
922 873 1032 924 ABBAS
1055 873 1248 923 vrcsstltus.

276 1056 343 1106 Μ).
358 1060 429 1106 ¹⁴¹⁶·
442 1051 571 1116 tulatus
607 1050 695 1114 inter
732 1050 864 1114 recorda
895 1047 1101 1115 determino
1140 1048 1273 1113 Sanctae
1310 1043 1496 1120 Trinitatis

444 1173 530 1218 anno
554 1158 673 1238 quarto
696 1152 781 1238 regis
806 1151 943 1216 Hearici
967 1151 1085 1236 quinti,
1110 1172 1152 1214 ex
1175 1156 1268 1237 parte
1289 1148 1497 1213 Rememora-

444 1255 526 1320 tcris
548 1254 635 1339 regis
657 1254 693 1318 in
717 1253 875 1318 scaccario
902 1253 1069 1339 praedicto,
1093 1253 1129 1316 in
1152 1251 1257 1317 forma
1279 1249 1483 1334 subscripta:

481 1355 624 1410 Dominus
637 1373 688 1410 rex
705 1353 855 1410 mandavit
872 1353 920 1409 hic
938 1353 1027 1409 breve
1046 1371 1133 1409 suum
1151 1353 1188 1408 de
1201 1370 1307 1425 magno
1326 1349 1426 1422 sigillo
1445 1365 1496 1402 sno

447 1438 525 1510 quod
537 1445 582 1493 cst
595 1440 669 1493 inter
684 1437 858 1492 Communia
875 1437 911 1492 de
929 1437 985 1492 hoc
1003 1437 1139 1500 termino,
1153 1438 1184 1492 in
1202 1437 1264 1492 haec
1283 1435 1382 1491 rerba.
1417 1432 1497 1487 Hen-

447 1524 535 1585 ricus,
557 1522 613 1576 Dci
632 1521 729 1592 gratia
746 1537 797 1575 rex
809 1520 927 1591 Angliae
946 1525 976 1576 et
994 1519 1126 1576 ffiancioe
1140 1527 1170 1576 et
1181 1519 1315 1576 dominus
1334 1517 1494 1578 Hibernia,

447 1606 631 1661 thesaurario
650 1609 680 1659 et
697 1604 854 1660 baronibus
873 1605 935 1660 suis
954 1604 990 1659 de
1016 1605 1162 1660 scaccario
1181 1605 1315 1660 salutem.
1355 1603 1430 1658 Cum
1448 1599 1496 1654 do·

447 1689 544 1744 minus
572 1687 720 1743 Henricus
747 1705 841 1759 nuper
867 1705 919 1742 rex
937 1686 1063 1758 Angliae,
1084 1693 1294 1758 paternoster,
1314 1686 1495 1758 perlitteras

449 1791 516 1828 suas
529 1777 661 1843 patentes
675 1789 747 1843 quas
760 1771 1006 1834 confirmavimus,
1021 1789 1074 1842 pro
1093 1789 1127 1826 eo
1141 1771 1219 1842 quod
1230 1789 1288 1825 non
1299 1769 1415 1825 modica
1429 1785 1496 1839 pars

447 1862 594 1910 terrarum
619 1861 649 1910 et
672 1854 889 1926 possessionum
914 1854 1118 1925 temporalium
1137 1862 1168 1910 et
1194 1851 1391 1926 spiritualium
1410 1850 1496 1906 dilec-

448 1946 545 1994 torum
564 1939 621 1994 sibi
641 1940 672 1994 in
691 1937 810 1994 Ohristo
834 1938 947 1994 abbatis
972 1943 1002 1992 et
1026 1945 1186 1994 conventus
1211 1939 1247 1994 de
1265 1937 1360 1994 Melsa
1377 1937 1409 1992 in
1427 1935 1497 1989 Hol-

448 2023 596 2088 demesso,
628 2040 680 2094 per
706 2022 819 2078 diluvia
842 2023 934 2077 maris
960 2027 990 2076 et
1020 2039 1104 2093 aquae
1131 2021 1286 2078 Humbriae
1315 2025 1494 2091 consumpta,

448 2107 589 2162 inundata
607 2112 637 2161 et
655 2105 814 2170 devastata,
827 2123 920 2178 nuper
938 2105 1050 2170 existat,
1071 2106 1147 2162 sicut
1164 2123 1217 2178 per
1234 2107 1311 2177 legis
1330 2119 1496 2178 processum

448 2191 479 2244 iu
501 2191 679 2246 scaccarium
707 2189 881 2262 praedictum
898 2189 1014 2261 plenius
1034 2196 1112 2246 extat
1130 2191 1341 2254 certificatum
1360 2205 1394 2244 ac
1413 2195 1498 2243 terrm

448 2279 479 2328 et
508 2273 707 2344 possessiones
733 2272 794 2328 ille
820 2273 863 2328 sic
889 2281 1069 2344 consumptas
1100 2280 1130 2328 et
1158 2274 1315 2338 inundatae,
1348 2271 1497 2328 occasione

448 2356 678 2427 consumptionis
703 2361 733 2410 et
762 2354 960 2411 inundationis
990 2356 1158 2422 earundem,
1185 2357 1216 2411 in
1242 2356 1435 2413 solutionibus
1460 2353 1497 2408 ad

448 2439 580 2494 diversas
602 2437 803 2492 concessiones
823 2437 1003 2494 decimarum
1021 2457 1074 2511 per
1092 2439 1204 2494 clerum
1223 2438 1414 2495 Eboracensis
1433 2454 1497 2509 pro·

448 2521 552 2575 vincias
571 2521 672 2584 factas,
699 2525 827 2590 exceptus
846 2521 971 2588 luerint;
991 2522 1165 2592 praelatique
1183 2523 1272 2579 abbas
1292 2530 1322 2578 et
1339 2527 1497 2578 convontus

448 2603 652 2659 allocutionem
679 2609 709 2658 et
727 2606 961 2660 exonerationem
986 2605 1016 2660 in
1038 2606 1116 2662 dicto
1135 2607 1289 2670 scaccario,
1312 2625 1365 2678 pro
1384 2606 1498 2676 quanti·

448 2692 508 2742 tate
527 2687 671 2742 dictarum
690 2693 837 2742 terrarum
855 2693 886 2742 et
909 2689 1129 2758 possessionum
1149 2691 1192 2746 sic
1211 2695 1450 2761 consumptarum
1468 2695 1498 2743 et

447 2769 665 2835 inundaturum,
696 2788 750 2840 per
768 2769 937 2840 hujusmodi
963 2773 1162 2843 exceptionem
1180 2774 1352 2840 habucrint;
1378 2780 1407 2829 et
1425 2791 1497 2845 prae-

448 2854 606 2909 missorum
632 2853 874 2918 consideratione,
901 2853 938 2909 ob
968 2873 1097 2910 amorem
1123 2863 1153 2912 et
1170 2857 1207 2911 ad
1226 2857 1383 2929 specialem
1401 2857 1497 2928 requi·

446 2937 582 2992 sitionem
609 2936 755 2993 carissimi
781 2937 835 2991 lilii
860 2938 906 2992 sui
931 2937 1050 2994 Thomas
1075 2940 1111 2994 de
1136 2941 1303 3007 Lancastre,
1325 2959 1435 2997 necnon
1460 2940 1496 2996 ad

446 3020 690 3092 supplicationem
716 3020 923 3090 predictorum
949 3022 1062 3077 abbatis
1089 3029 1119 3078 et
1144 3031 1313 3090 conventus,
1340 3026 1376 3081 de
1402 3025 1497 3096 gratia

446 3121 500 3158 sua
519 3103 640 3174 speciali
670 3103 848 3158 concesserit
877 3121 931 3174 pro
959 3122 990 3159 sc
1016 3115 1046 3160 ct
1071 3106 1229 3163 heredibus
1256 3109 1327 3174 suis,
1355 3117 1495 3180 qnantum

445 3185 559 3258 inipso
585 3186 650 3251 suit,
678 3185 789 3241 eisdem
815 3186 914 3242 abbati
941 3195 971 3243 et
1001 3191 1166 3256 conventui,
1199 3193 1277 3263 quod
1302 3193 1359 3263 ipsi
1381 3199 1410 3248 et
1434 3211 1498 3248 suc·

446 3285 576 3325 cessores
596 3269 642 3324 sui
661 3269 697 3324 de
716 3269 859 3325 solutione
875 3271 1055 3326 decimarum
1070 3273 1277 3345 praedictarum
1296 3295 1329 3332 ac
1342 3277 1499 3348 cujuslibet

446 3352 569 3408 alterius
599 3352 733 3418 subsidii,
766 3353 796 3408 in
823 3353 949 3425 singulis
975 3357 1210 3414 concessionibus
1238 3361 1417 3416 decimarum
1447 3367 1497 3416 ant

447 3435 646 3490 subsidiorum
664 3435 872 3506 predictorum
902 3455 955 3509 per
979 3439 1091 3495 clerum
1110 3441 1195 3497 dictae
1214 3445 1371 3514 provincia
1389 3451 1497 3515 tempe·

446 3518 528 3571 ribus
555 3535 632 3572 nunc
663 3518 770 3572 futuris
797 3519 947 3586 faciendis,
974 3539 1027 3594 pro
1053 3525 1215 3595 quantitate
1243 3533 1273 3582 et
1296 3528 1396 3583 valore
1425 3546 1497 3600 prae·

446 3599 591 3655 dictarum
609 3605 755 3655 terrarum
774 3607 804 3656 et
821 3605 1037 3672 possessionum
1056 3613 1090 3663 ut
1106 3609 1296 3679 premittitur
1314 3619 1496 3683 consumpta·

446 3701 513 3738 rum
535 3689 565 3739 et
591 3683 807 3750 inundaturum,
829 3685 866 3740 de
886 3692 992 3742 coetero
1020 3690 1112 3760 quieti
1141 3697 1172 3748 et
1198 3697 1346 3752 exonerati
1373 3697 1498 3751 existant

447 3769 675 3840 imperpetuum,
713 3773 801 3840 prout
836 3769 868 3822 in
897 3769 993 3826 literis
1023 3779 1053 3829 et
1096 3775 1313 3834 confirmatione
1348 3779 1496 3851 praedictis

446 3852 562 3923 plenius
575 3853 741 3908 continetur
755 3875 762 3918 ;
788 3853 871 3908 vobis
890 3855 1062 3912 mandamus
1082 3859 1160 3928 quod
1173 3861 1309 3930 prael'atos
1322 3863 1454 3919 abbatem
1467 3869 1498 3919 et

447 3939 633 3998 conventum,
648 3939 749 3990 contra
760 3943 891 3991 tenorem
904 3937 1070 3994 litterarum
1089 3947 1119 3996 ct
1130 3944 1357 4002 confirmationis
1376 3947 1496 4020 praedic-

447 4023 554 4080 tarum,
577 4035 635 4070 uon
656 4017 818 4074 molestetis
843 4019 874 4073 in
894 4020 993 4092 aliquo
1018 4041 1070 4078 scu
1094 4028 1233 4096 gravetis.
1276 4030 1362 4085 'I'cste
1386 4033 1497 4102 meipso

447 4098 525 4170 apud
543 4099 844 4168 westmonasterium,
859 4103 961 4173 quinto
977 4103 1025 4159 die
1044 4107 1207 4175 Februarii,
1221 4127 1297 4166 anno
1307 4113 1393 4184 regni
1405 4115 1496 4169 nostui

448 4183 544 4238 tertio.

485 4289 531 4356 Et
541 4295 637 4355 tenor
652 4289 837 4356 litterarum
853 4297 1048 4380 patentium,
1062 4298 1176 4387 dequo
1192 4303 1340 4390 superius
1355 4305 1390 4370 in
1405 4305 1497 4370 brevi

447 4392 485 4458 fit
513 4389 647 4468 mentio,
672 4392 823 4477 sequitur
846 4395 881 4459 in
904 4397 975 4464 haec
1004 4401 1125 4466 verba:
1166 4412 1300 4480 Henrioi,
1318 4413 1374 4470 Dei
1393 4417 1497 4486 gratia,

447 4498 590 4566 sto.,-ut
613 4493 649 4557 in
672 4493 785 4560 charta
807 4495 1003 4564 irrotulatur
1025 4501 1113 4568 inter
1134 4505 1268 4570 recorda
1290 4505 1330 4571 de
1356 4510 1497 4574 termino

447 4591 577 4660 Sanctae
593 4595 778 4678 Trinitatis,
803 4619 889 4663 anno
912 4608 1032 4686 quarto
1055 4606 1141 4692 regis
1158 4606 1294 4673 Hearici
1317 4609 1435 4695 quinti,
1454 4631 1496 4674 ex

448 4701 540 4778 parte
565 4695 841 4764 Rememoratoris
867 4703 961 4788 regis.
1007 4704 1147 4772 Interim
1169 4729 1257 4788 vero,
1279 4732 1351 4776 cum
1376 4711 1497 4780 crebrae
