3578 5874
492 833 695 882 wrmnumus
716 833 822 882 assis
846 833 1000 883 ocmvus
1024 835 1184 883 cccmus
1297 823 1359 884 225

311 1015 453 1076 monetes
475 1009 519 1075 ix.
536 1011 694 1075 librarum
718 1011 811 1096 xviij.
829 1011 1016 1088 solidorum,
1041 1009 1122 1075 duas
1145 1009 1246 1074 etiam
1269 1008 1359 1088 olias,
1373 1019 1441 1070 nt).
1458 1025 1519 1072 rste

310 1113 447 1197 aquaria
477 1113 543 1178 duo
574 1117 609 1178 et
638 1114 682 1198 vj.
705 1113 850 1199 godetiz,
874 1112 1050 1199 spiceplaie
1073 1111 1106 1196 j,
1129 1110 1277 1197 pixidem
1301 1133 1359 1196 pro
1372 1092 1463 1137 '¹³⁹⁶'

310 1214 452 1299 pulvere,
477 1215 597 1280 salaria
626 1216 693 1280 triu
723 1237 781 1301 pro
805 1214 878 1292 sale,
902 1221 936 1279 ei
959 1214 1040 1279 alios
1062 1214 1173 1299 ciphos
1196 1218 1230 1278 et
1252 1213 1359 1299 pecias

310 1317 351 1381 de
373 1322 510 1404 argento
542 1317 696 1404 ponderis
728 1316 770 1381 ds
800 1316 903 1402 Troys
925 1316 991 1402 xvj.
1015 1316 1175 1380 librarum
1198 1315 1242 1401 xj.
1266 1315 1358 1381 unci-
1390 1301 1395 1310 ’

310 1439 412 1500 arum,
451 1441 524 1504 quae
556 1419 708 1485 similiter
742 1419 868 1484 faciunt
900 1419 1028 1504 pondus
1059 1417 1184 1483 usualis
1216 1422 1359 1482 monetae

309 1520 405 1605 xxiij.
428 1521 587 1588 librarum
609 1521 677 1607 xvj.
702 1521 920 1598 denariorum,
944 1543 985 1586 ex
1008 1521 1103 1586 donis
1126 1525 1161 1585 et
1183 1520 1358 1607 emptioni-

310 1623 372 1687 bus
406 1624 561 1710 providit.
608 1624 744 1689 Summa
777 1645 855 1710 ergo
888 1623 1002 1689 totalis
1028 1622 1182 1710 ponderis
1205 1644 1358 1688 vasorum

310 1730 550 1811 argenteorum,
583 1726 623 1791 de
654 1726 775 1812 quibus
806 1725 965 1812 quasdam,
998 1731 1039 1790 ut
1072 1725 1256 1812 praefertur,
1280 1731 1359 1790 sunt

310 1827 476 1906 deaurata,
508 1829 615 1914 xxxij.
649 1829 752 1907 librae,
785 1829 852 1893 xire.
883 1827 988 1907 solidi,
1026 1828 1084 1914 iiij.
1124 1827 1260 1906 denarii,
1300 1850 1358 1915 per

309 1929 416 2016 ipsum
440 1931 594 1996 abbatem
616 1937 750 2018 propter
772 1952 932 1996 cameram
948 1953 1040 1995 suam
1056 1931 1098 1995 ad
1120 1930 1357 1996 incrementum

309 2033 480 2114 adhibitu;
517 2035 605 2100 ultra
642 2035 707 2100 alia
744 2056 825 2099 vasa
855 2039 1023 2120 argentes,
1064 2055 1147 2119 quac,
1184 2039 1225 2098 ut
1265 2039 1357 2120 patet

308 2157 366 2222 per
387 2141 512 2202 statum
546 2159 682 2202 camerae
713 2136 889 2222 praedictae,
913 2135 1116 2222 temporibus
1142 2134 1357 2221 praedecesso-

307 2261 381 2304 rum
415 2261 547 2304 suorum
579 2262 683 2326 pauca
706 2238 883 2315 restabant,
907 2239 949 2304 ad
972 2239 1274 2302 valoremtantum
1298 2261 1356 2302 seu

308 2342 436 2426 pondus
478 2342 535 2428 vij.
569 2341 738 2419 librarum,
779 2341 812 2427 ij.
850 2341 1020 2406 unciarum
1053 2346 1087 2404 et
1124 2340 1280 2421 dimidiae,
1315 2342 1356 2406 de

308 2443 419 2529 Troys,
444 2445 566 2509 usualis
589 2445 742 2510 videlicet
764 2449 906 2509 monetae
928 2444 972 2508 ix.
996 2442 1166 2520 librarum,
1189 2443 1257 2528 xvj.
1280 2445 1355 2508 soli-

307 2544 431 2624 dorum,
454 2545 512 2630 iiij.
544 2547 774 2626 denariorum3
805 2551 925 2631 praeter
947 2545 1029 2610 slios
1064 2545 1177 2631 ciphos
1210 2567 1356 2612 murrcos

307 2652 446 2733 argento
468 2647 610 2712 interius
641 2648 827 2727 luminatos,
864 2653 898 2713 et
931 2668 1059 2712 murras
1093 2647 1175 2712 alias
1198 2669 1236 2713 sc
1258 2671 1357 2714 nuces

309 2753 448 2836 argento
485 2749 617 2836 ligatas
651 2773 690 2816 ac
717 2750 874 2816 coclearia
907 2749 1059 2836 quaedam
1098 2771 1162 2835 quo
1201 2772 1358 2816 numerus

307 2857 366 2916 aut
388 2851 483 2916 valor
504 2873 572 2916 non
601 2851 768 2917 insertur.¹
814 2853 877 2917 Per
905 2851 977 2917 locs
1007 2871 1135 2936 quoque
1166 2851 1356 2919 exteriora²
1370 2867 1503 2931 Repairor

307 2952 490 3018 bercharius
526 2953 614 3040 apud
652 2955 942 3041 Northgrangism,
981 2953 1215 3038 Wagheneote‚
1261 2955 1354 3020 Sow-
1367 2935 1498 2998 bergeries.

272 3131 277 3140 ,
307 3055 415 3119 thorus
437 3062 472 3120 et
494 3055 750 3135 Gunnermersk,
766 3053 962 3121 renovavit.³
1007 3055 1209 3120 Vestiarium
1232 3062 1291 3121 *et
1306 3078 1356 3121 os·
1370 3081 1473 3132 chureii

306 3157 393 3221 tium
416 3158 558 3224 australe
581 3157 757 3225 cancelli‘4
772 3158 919 3224 'ecclesiae
935 3158 975 3224 de
999 3157 1194 3243 Esyngtona
1209 3181 1229 3222 a
1251 3157 1355 3225 fundo
1366 3149 1470 3262 pepus,

308 3261 513 3340 construxit3
544 3260 769 3347 fenestrasque
800 3261 924 3325 vitreas
954 3260 990 3323 in
1027 3258 1192 3324 frontibus
1228 3231 1504 3348 ecclesi-iiiiiings,

307 3383 401 3425 arum
424 3363 464 3427 de
487 3363 683 3449 Esyngtona
714 3370 748 3428 et
778 3362 979 3450 Kayngham
1002 3368 1036 3426 et
1058 3361 1095 3425 in
1116 3367 1210 3448 perte
1232 3362 1355 3428 boreali
1368 3347 1414 3399 ⁸⁶⁰·

307 3464 441 3529 cancelli
465 3465 607 3531 ecclesiae
630 3465 670 3530 de
694 3465 823 3552 Skypse
845 3466 882 3529 iu
906 3486 1001 3551 opere
1031 3463 1161 3550 lapideo
1184 3472 1219 3530 et
1240 3466 1355 3532 vitro⁵

306 3564 502 3632 fabricavii.⁰
556 3566 735 3653 Grangiarn
769 3568 809 3632 de
843 3567 1111 3653 Tharlesthorpia
1148 3569 1282 3648 amovit,
1321 3576 1356 3636 ei

308 3667 424 3733 domus
440 3668 586 3754 ejusdem
599 3691 658 3757 per
670 3669 742 3734 loca
757 3669 823 3734 alia
835 3668 1079 3734 reconstruxit⁷
1125 3669 1229 3736 Aulas
1251 3677 1354 3738 recto·

342 3883 419 3934 ¹P1·o
431 3901 528 3934 camera
546 3922 552 3934 .
571 3922 577 3933 .
598 3921 603 3932 .
621 3901 668 3934 non
686 3884 805 3950 inserar]
854 3883 954 3948 plumbo
970 3881 1029 3934 fecit
1045 3884 1182 3948 cooperiri,
1212 3902 1267 3950 quae
1283 3888 1354 3952 prius

308 3965 420 4029 wanting
431 3965 459 4013 in
471 3964 500 4013 P.
854 3961 944 4012 tabulis
963 3962 1004 4011 vei
1023 3961 1143 4012 lateribus
1155 3967 1311 4029 tegebantur,
1322 3971 1352 4020 P.

341 4043 352 4075 ‘·‘
368 4043 418 4093 Per
431 4080 437 4093 .
451 4042 601 4108 Artemoni]
616 4043 730 4108 wanting
740 4041 766 4092 in
778 4042 806 4091 P.
853 4041 966 4092 Inserted
987 4040 1076 4091 earlier
1095 4041 1122 4091 in
1141 4042 1184 4093 the
1202 4044 1303 4110 chapter
1314 4050 1351 4112 (p.

341 4127 351 4155 ¹
368 4125 444 4176 Alter
462 4125 588 4174 renouauit
603 4124 689 4186 insert,
706 4124 808 4174 Partem
854 4123 925 4185 224),
935 4119 963 4170 in
974 4122 1006 4174 E.

308 4220 367 4255 vcro
396 4204 505 4268 claustri,
533 4205 565 4254 ab
593 4202 657 4254 ostio
684 4201 807 4254 refectorii
885 4198 949 4249 ⁴'et
966 4238 972 4250 .
990 4198 1139 4267 .ccnecili']
1158 4205 1272 4271 wanting
1282 4205 1309 4256 in
1320 4206 1352 4258 P.

308 4284 486 4334 monachornm
520 4299 598 4348 usqne
633 4281 807 4333 dormitorium
884 4277 988 4330 ὁΑῆει
1002 4281 1064 4330 citro
1083 4280 1170 4342 insert,
1186 4291 1212 4332 et
1231 4283 1288 4334 aliis
1307 4300 1352 4336 ex-

307 4378 493 4423 conrersorum,
513 4369 539 4413 et
561 4363 666 4412 alterum
688 4361 752 4411 latius
769 4359 807 4410 in·
851 4357 934 4421 pensis
944 4361 975 4409 de
986 4375 1061 4424 novo,
1071 4360 1100 4409 P.

308 4441 430 4492 tinnitorii
447 4441 627 4492 monachorum
638 4455 725 4490 versus
742 4439 806 4489 occi·
884 4435 895 4467 ⁶
912 4437 988 4488 aser
998 4438 1140 4503 fabricauit
1157 4439 1243 4504 insert,
1260 4442 1351 4494 Altnre

307 4523 415 4584 dentem,
431 4530 505 4586 etque
521 4521 642 4586 capellam
657 4517 806 4568 infirmitorii
851 4517 926 4568 etism
944 4517 1030 4569 Sancti
1049 4517 1181 4568 Benedicti
1199 4519 1227 4568 in
1246 4522 1351 4574 ecclesis

307 4600 427 4665 predicti,
453 4609 535 4654 toturn
553 4599 639 4663 itaque
667 4598 806 4649 cancellum
851 4606 936 4648 nostra
965 4597 1124 4647 conventuali
1147 4612 1236 4648 ruore
1263 4600 1351 4665 vitrea

307 4671 420 4722 ecclesis
446 4673 477 4722 de
499 4673 648 4740 Fisyngtons
669 4683 695 4726 et
716 4675 806 4726 restis-
851 4675 1009 4741 ymaginibus
1020 4681 1046 4724 ct
1056 4673 1148 4724 tabulis
1158 4677 1294 4740 decoravit,
1305 4679 1335 4732 Ρ.

306 4751 372 4802 rium
386 4753 505 4814 ejusdem,
518 4767 548 4802 cc
565 4754 697 4804 australem
712 4763 807 4818 partem
885 4753 995 4802 idonius
1013 4790 1019 4803 .
1038 4790 1044 4802 .
1062 4755 1236 4820 reconstruxit]
1256 4757 1283 4806 in
1294 4759 1353 4811 eliis

307 4839 385 4889 totius
397 4837 469 4888 chori
483 4835 597 4888 ecclosias
609 4836 640 4884 de
650 4833 807 4896 Natiretons,
852 4832 915 4884 iocis
927 4831 1077 4892 construxit,
1088 4832 1118 4882 P.

397 4935 471 4984 vot.
497 4935 547 4984 111.
1197 4932 1218 4978 P
