3614 5888
420 895 486 956 1154
587 902 791 950 numerans
814 900 923 948 annas
945 898 1115 948 snrrruus
1137 897 1300 946 necrus

253 1085 322 1136 Μ).
336 1089 399 1134 iser
422 1075 549 1140 toribus
570 1075 659 1160 quod
688 1072 856 1160 quandam
890 1073 1072 1136 cantariam
1102 1076 1296 1156 perpetuam
1331 1065 1472 1152 singulis

252 1157 344 1202 ⁴³⁷²·
421 1177 546 1254 cresus
568 1176 610 1240 as
626 1176 731 1240 aare
753 1175 861 1240 seaiae
876 1174 992 1238 nasae
1014 1195 1055 1237 ex
1079 1181 1173 1258 paru
1187 1171 1314 1235 boman
1337 1169 1471 1233 oraton

422 1279 535 1356 nostri,
559 1279 690 1342 missam
712 1277 871 1342 videlicet
894 1275 935 1340 de
949 1277 1049 1339 basta
1070 1275 1201 1360 virgine
1226 1273 1333 1336 hlaria
1356 1270 1409 1334 vel
1431 1269 1471 1332 de

422 1380 628 1466 “requiem''
657 1381 912 1466 imperpetuum,
929 1378 1002 1442 fieri
1025 1377 1207 1442 faceremus
1236 1397 1296 1461 per
1317 1374 1472 1438 ebdoma-

421 1483 550 1548 darium
569 1481 765 1546 monachum
780 1480 1008 1544 intabulatum
1024 1479 1067 1543 ad
1083 1479 1167 1544 illud
1182 1479 1299 1555 altare,
1314 1475 1472 1540 videlicet

421 1583 597 1670 perillum
619 1582 815 1648 monachum
839 1583 897 1668 qui
920 1583 956 1645 in
979 1581 1123 1645 secunda
1144 1581 1331 1666 septimana
1353 1599 1472 1663 praecc-

421 1685 515 1749 denti
537 1684 743 1750 intabulatus
766 1683 874 1748 fuerat
896 1683 939 1747 ad
962 1683 1069 1767 majus
1083 1681 1197 1762 altare,
1214 1682 1266 1745 vel
1290 1701 1350 1768 per
1371 1679 1472 1744 alium

422 1785 492 1851 loco
523 1786 585 1864 sui,
616 1785 734 1851 diebus
765 1785 887 1870 quibus
908 1785 977 1871 ipse
1008 1805 1127 1848 vacare
1160 1805 1228 1847 non
1261 1786 1380 1868 posset,
1414 1801 1472 1868 pm

422 1885 596 1952 animabus
618 1886 742 1950 domini
760 1885 898 1951 Henrici
922 1885 963 1948 de
980 1884 1096 1969 Percy,
1111 1891 1145 1950 et
1168 1883 1312 1949 dominae
1327 1883 1473 1947 Ydoneas

423 1989 537 2054 uxoris
559 2009 636 2066 suae,
652 1993 687 2053 et
709 1987 836 2052 domini
852 1987 989 2052 Hernici
1014 1987 1076 2050 filii
1101 1987 1288 2063 eorundem,
1311 1996 1347 2050 et
1369 1985 1475 2049 domi·

423 2113 475 2155 nee
501 2089 615 2155 hIariae
639 2089 753 2152 uxoris
776 2111 854 2168 suae,
870 2094 1120 2166 antecessorum,
1136 2089 1293 2153 heredum
1317 2093 1352 2153 et
1375 2087 1473 2150 bene·

423 2192 586 2257 factorum
619 2193 763 2269 suorum,
786 2197 822 2256 et
855 2190 1003 2255 omnium
1038 2191 1187 2256 fidelium
1220 2190 1473 2266 dehmctorum3

423 2315 462 2358 ac
493 2295 594 2357 etiam
628 2293 809 2356 faceremus
840 2291 906 2355 duo
936 2293 1163 2358 anniversaria
1197 2293 1382 2370 annuatim,
1414 2313 1473 2376 pro

422 2393 597 2458 animabus
619 2393 746 2458 domini
770 2392 908 2458 Henrici
930 2394 1066 2458 senioris
1097 2400 1131 2459 et
1153 2393 1296 2458 dominae
1317 2393 1473 2470 Ydoneoe,

424 2495 539 2560 uxoris
576 2516 654 2572 suae,
692 2495 728 2558 in
766 2493 864 2559 choro
902 2496 1093 2560 monasterii
1132 2495 1259 2572 nostri3
1297 2517 1335 2560 ac
1371 2495 1473 2559 ctiam

423 2597 539 2662 missas
568 2597 610 2661 de
642 2604 660 2632 “
671 2595 817 2681 requiem
827 2595 846 2620 ''
877 2596 917 2660 ad
951 2618 1117 2661 summum
1151 2596 1256 2662 altare
1290 2619 1364 2661 cum
1395 2602 1475 2659 nota

423 2698 612 2775 faceremus,
636 2696 753 2762 diebus
785 2697 1021 2762 anniversariis
1054 2698 1176 2783 quihus
1199 2721 1242 2763 ex
1265 2698 1325 2762 hoc
1358 2697 1474 2762 saeculo

251 2815 379 2866 Penalties
425 2801 665 2887 migraverunt.
724 2800 770 2862 Et
803 2800 933 2883 quoties
970 2800 1184 2865 defecerimus
1215 2801 1252 2864 in
1289 2799 1474 2886 praemissis,

250 2882 413 2998 {RQ
426 2903 525 2968 toties
564 2901 716 2967 dominus
752 2900 1014 2987 archiepiscopus
1053 2901 1275 2982 Eboracensis,
1313 2903 1371 2988 qui
1416 2923 1475 2989 pro

250 2963 298 3066 rag
399 2965 573 3092 etempore
595 3003 704 3082 fuerit,
726 3023 787 3068 nos
818 3003 855 3066 in
878 3002 1021 3068 ecclesiis
1054 3006 1176 3070 nostris
1208 3005 1249 3070 de
1271 3005 1475 3081 Naffretona,

424 3108 564 3194 Skypse,
587 3106 784 3192 Esyngtcns
806 3110 841 3169 et
871 3104 1080 3191 Kayngham‚
1104 3111 1139 3170 et
1170 3108 1206 3170 in
1229 3129 1340 3172 earum
1370 3107 1474 3192 quali·

424 3208 491 3287 bet,
514 3208 557 3272 ad
588 3207 712 3271 dictam
736 3205 919 3270 cantariam
949 3213 984 3272 ct
1016 3208 1280 3274 anniversarium
1310 3208 1475 3276 iaciendas

424 3316 459 3376 et
490 3309 677 3396 explendas,
701 3330 760 3394 per
793 3329 947 3372 censuras
969 3308 1206 3376 ecclesiasticas
1228 3315 1263 3375 et
1286 3310 1368 3374 alias
1402 3311 1475 3374 vias

424 3417 458 3476 et
490 3411 605 3476 modos
639 3409 750 3474 valeat
781 3430 934 3475 coercere
989 3411 1045 3488 Et,
1068 3433 1128 3498 pro
1163 3411 1312 3496 quolibet
1344 3411 1474 3476 defectu

424 3517 591 3596 comperto
606 3511 643 3574 in
665 3511 950 3596 supportationem
966 3514 1074 3578 oneris
1097 3513 1288 3598 supradicti,
1305 3513 1474 3578 dimidiam

424 3634 568 3678 marcam
601 3611 736 3678 fabricae
759 3611 900 3680 ccclesiae
932 3614 1023 3678 beati
1057 3615 1148 3680 Petri
1182 3615 1331 3694 Eboraci,
1364 3622 1399 3682 ct
1429 3615 1474 3680 xl.

424 3715 577 3780 denarios
599 3713 732 3779 fabricae
764 3714 907 3780 ecclesiae
929 3713 1021 3780 beati
1043 3713 1208 3781 «Iohannis
1239 3717 1281 3782 dc
1304 3716 1474 3802 Beverley‚

425 3817 551 3882 solvere
571 3823 755 3882 teneamur.
802 3816 1004 3884 Monasterio
1028 3817 1128 3882 etiam
1152 3817 1193 3882 de
1209 3817 1382 3896 Fontibus,
1398 3840 1477 3904 quo-

426 3919 492 3984 ties
522 3917 713 4004 hujusmodi
744 3917 891 3984 defectus
932 3919 1078 3985 inveniri
1112 3919 1299 4006 contigerit,
1332 3919 1367 3984 in
1397 3920 1476 3984 viai·

426 4020 611 4086 tationibus
627 4041 686 4106 per
708 4021 817 4106 ipsum
841 4021 995 4086 abbatem
1020 4021 1060 4086 de
1076 4021 1241 4086 Fontibus
1263 4021 1475 4100 celebrandis,

426 4123 468 4188 xi.
493 4123 702 4188 denariorum
738 4145 870 4210 poenum
904 4123 1118 4201 incurramus,
1142 4123 1373 4188 solvendorum
1405 4125 1476 4210 ipso

426 4225 521 4292 facto,
568 4225 622 4304 Et,
645 4247 744 4311 super
765 4226 943 4313 praemissis
967 4230 1136 4290 eteorum
1160 4225 1309 4311 quolibet
1331 4227 1477 4292 fideliter

426 4326 649 4406 observandis,
682 4347 741 4391 nos
779 4333 813 4391 et
845 4347 1043 4392 successores
1081 4331 1222 4405 nostros,
1256 4332 1290 4392 ct
1324 4327 1476 4394 ecclesias

426 4428 610 4516 praedictas‚
626 4426 837 4506 ordinationi,
854 4429 984 4493 decreto
1006 4433 1041 4494 et
1064 4428 1173 4508 laudo,
1195 4451 1286 4516 pure,
1309 4435 1427 4515 sponte
1442 4436 1476 4494 et

426 4529 584 4610 absolute,
619 4529 745 4594 domini
777 4530 1010 4616 archiepiscopi
1041 4530 1255 4596 Eboracensis
1286 4535 1368 4596 tunc
1401 4531 1477 4596 sub

426 4631 577 4696 misimus
600 4631 636 4696 in
658 4630 719 4696 hac
742 4637 843 4717 parte.
888 4630 994 4718 Super
1017 4653 1090 4718 quo,
1106 4631 1195 4698 idem
1217 4631 1478 4719 archiepiscopus

427 4733 471 4798 ad
494 4731 605 4797 omnia
620 4733 788 4819 praemisso
803 4731 1008 4800 observanda
1022 4733 1166 4802 fideliter
1188 4739 1222 4799 et
1236 4735 1477 4802 inviolabiliter
