3578 5874
485 877 686 928 wruunuuus
708 875 816 928 suess
837 876 990 930 ocrtvus
1011 877 1171 928 nunnius.
1286 865 1347 928 211

340 1047 441 1104 Abbss
453 1049 490 1105 de
501 1049 597 1106 Melsu
607 1049 784 1122 perquisivit
801 1055 832 1106 et
848 1051 1048 1121 appropriavit
1060 1050 1116 1107 sibi
1129 1056 1159 1106 et
1176 1047 1349 1106 successori·
1362 1057 1431 1110 AJ),
1445 1061 1509 1113 1372

306 1132 361 1190 bus
379 1135 442 1190 suis
460 1135 676 1206 imperpetuum
693 1135 857 1190 manerium
874 1134 911 1188 de
930 1135 1063 1206 Skyrens
1079 1153 1147 1192 cum
1163 1133 1348 1206 pertinentiis
1360 1131 1452 1178 4³⁹⁰·

305 1216 342 1271 de
359 1217 488 1274 Roberto
515 1217 551 1272 de
576 1217 715 1290 Hyltonu‚
745 1217 901 1283 chevalier,
921 1219 1000 1273 circe
1022 1219 1081 1290 xvj.
1102 1236 1191 1274 annos
1216 1217 1347 1290 proxime
1362 1203 1504 1271 Chergeof

307 1299 431 1374 elapsos,
452 1303 514 1358 sine
543 1301 663 1358 licentis
686 1303 787 1373 regia3
815 1306 846 1357 et
872 1301 949 1374 quod
967 1301 1078 1358 dictum
1101 1302 1263 1358 manerium
1281 1319 1347 1356 cum
1360 1271 1499 1348 specuque

306 1385 488 1455 pertinentiis
506 1383 586 1443 valet
602 1403 655 1458 per
672 1403 779 1440 sunum
797 1385 875 1442 ultre
891 1383 1020 1458 reprisss
1037 1387 1076 1442 xl.
1095 1385 1186 1443 libres
1195 1409 1204 1452 ;
1223 1391 1253 1441 et
1271 1385 1349 1458 quod
1359 1339 1500 1456 wgo,

306 1468 396 1524 iidem
414 1470 502 1526 ebbes
528 1473 559 1526 et
585 1473 745 1526 conventus
771 1469 806 1525 de
830 1469 927 1527 Molee
943 1475 1160 1542 occupaverunt
1184 1469 1499 1548 menennmotskyme

306 1553 480 1625 predictum
504 1570 523 1612 e
546 1560 679 1626 tempore
705 1554 950 1626 appropriationis
976 1555 1133 1626 predicte,
1153 1559 1183 1611 et
1200 1553 1347 1626 deinceps,
1360 1537 1466 1614 ΨΜ*

307 1637 452 1696 aceritus
478 1645 508 1694 et
534 1638 665 1710 proficus
689 1637 757 1694 inde
774 1639 977 1710 provenientis
1001 1645 1194 1710 perceperunt
1211 1643 1242 1696 et
1257 1602 1463 1722 habu-12⁰3?

306 1727 393 1778 erunt
417 1726 447 1777 et
470 1719 565 1778 adhuc
589 1719 776 1795 percipiunt;
805 1727 888 1779 etex
914 1739 1003 1780 censs
1020 1721 1161 1794 praedictn
1186 1727 1255 1780 suut
1279 1721 1348 1779 inde

305 1803 371 1877 regi
388 1803 565 1878 responsuri.

350 1938 477 2022 Quibus
491 1939 588 2007 novis
609 1942 646 2006 in
661 1941 787 2008 Pascha
809 1941 853 2007 sd
866 1962 926 2008 nos
947 1963 1051 2029 usque
1073 1941 1191 2008 deletis
1206 1941 1347 2008 nimium

305 2041 428 2108 fuimus
453 2042 590 2122 unxisti,
613 2048 687 2109 tum
715 2043 794 2130 quic
825 2065 886 2110 rex
915 2043 1025 2132 ipsum
1059 2045 1240 2110 manerium
1273 2047 1348 2109 ten·

306 2165 405 2229 quem
426 2148 586 2211 esoeetem
609 2167 702 2212 suem
731 2146 866 2225 seisiret
890 2152 963 2212 tum
987 2147 1065 2234 quie
1096 2147 1137 2212 de
1161 2145 1347 2212 redditibus

306 2251 341 2312 et
361 2247 577 2333 proventibus
610 2248 756 2334 ejusdem
790 2249 830 2314 de
852 2249 898 2316 xl.
927 2249 1021 2314 libris
1046 2248 1166 2314 annuis
1188 2270 1246 2335 per
1276 2248 1347 2334 xvj.

305 2370 418 2430 ennos,
440 2350 527 2415 unde
550 2348 699 2416 summe¹
721 2356 772 2416 est
794 2351 880 2417 Dexi.
902 2351 1003 2430 librae,
1028 2351 1108 2416 dum
1137 2351 1173 2415 in
1194 2351 1347 2416 manibus

304 2451 434 2533 uostris,
458 2457 497 2519 ut
529 2473 587 2539 per
611 2453 857 2540 inquisitionem
879 2453 1130 2541 supponebatur,
1153 2457 1345 2534 remuneret,

304 2553 436 2621 domino
467 2555 537 2642 regi
567 2555 761 2642 respondere
794 2555 1004 2644 cogeremur.²
1064 2555 1173 2637 Unde,
1207 2555 1346 2622 nimium

304 2658 491 2726 conturbati
513 2657 594 2746 quid
627 2679 725 2746 super
746 2659 922 2746 praemissis
946 2680 1004 2746 per
1037 2659 1207 2725 dominum
1236 2679 1346 2746 regem

303 2765 454 2848 ageretur
483 2783 541 2849 per
562 2761 645 2828 duos
677 2761 744 2828 fere
776 2783 880 2828 eunus
914 2761 1081 2828 continuis
1113 2760 1260 2848 suspiriis
1283 2759 1347 2827 sol·

303 2861 393 2930 licite
413 2861 683 2952 expectabamus.
743 2863 889 2930 Teudem
918 2885 997 2930 vcro
1022 2861 1125 2930 abbas
1156 2867 1267 2930 noster
1288 2884 1346 2950 per
1358 2873 1467 2970 putor

304 2965 403 3032 breve
425 2967 467 3034 de
496 2967 605 3032 “scire
626 2963 755 3034 fcues’'
776 2966 885 3032 tireret
908 2965 1150 3053 praemumtus⁸
1172 2964 1216 3031 ed
1237 2940 1458 3057 osten-ffli,

304 3067 458 3150 deudum,
482 3069 510 3133 si
532 3069 613 3154 quid
635 3090 694 3156 pro
716 3091 751 3136 se
781 3067 942 3134 heberet⁴
965 3089 1066 3154 quere
1088 3068 1215 3134 dictum
1236 3087 1347 3132 mene·
1358 3074 1491 3124 cervedon

304 3170 391 3236 rium
413 3170 454 3238 de
477 3169 631 3257 Skyrene
663 3170 700 3235 in
731 3190 848 3236 menus
874 3170 960 3256 regis
993 3191 1036 3235 ex
1067 3190 1164 3235 ceusu
1189 3167 1347 3255 predicto
1358 3139 1496 3191 mm·

304 3272 376 3360 cepi
398 3279 432 3339 et
446 3273 552 3340 seisiri
569 3294 637 3339 non
661 3271 859 3352 deberetne
885 3273 954 3358 ipse
969 3272 1010 3337 de
1031 3271 1179 3337 exitibus
1201 3269 1346 3357 ejsudem

304 3375 484 3457 maneriis
505 3381 650 3464 tempore
664 3375 940 3463 appropriatiouis
962 3373 1129 3462 praedicts'e
1143 3378 1178 3440 et
1196 3373 1347 3460 deinceps

303 3477 380 3564 regi,
405 3500 447 3544 ex
483 3500 581 3544 ceusu
613 3477 779 3566 predicte,
810 3477 1062 3564 pertinentibus,
1093 3498 1205 3544 versus
1236 3497 1347 3563 regem

304 3581 431 3646 onerosi
454 3585 489 3647 et
510 3581 580 3668 regi
602 3580 680 3646 inde
703 3579 888 3646 satisfacere
909 3601 977 3646 non
999 3579 1139 3646 deberet
1183 3579 1237 3644 Ad
1259 3579 1343 3644 diem
1358 3583 1462 3663 sessor

303 3703 381 3770 ergo
401 3683 583 3770 praefixum,
599 3703 675 3748 oum
697 3681 799 3748 ubbes
821 3689 932 3750 noster
953 3704 1012 3770 per
1026 3686 1234 3748 ettornntum
1261 3666 1467 3768 com-W&

303 3806 415 3871 perere
444 3784 587 3864 deberet,
614 3785 816 3871 justitiarius
850 3785 985 3872 quidem
1017 3785 1143 3850 domini
1172 3784 1266 3872 regis,
1286 3783 1481 3849 Jo-Ieektoe

303 3885 427 3954 hunues
449 3888 490 3954 de
505 3887 665 3970 Loktouc,
689 3888 746 3976 qui
767 3887 901 3954 feodum
924 3887 1067 3973 uliqusle
1081 3909 1141 3974 pro
1163 3885 1297 3953 oonsilio
1312 3850 1510 3969 etffiffl

303 3987 427 4055 auxilio
449 4011 508 4056 suo
523 3990 564 4055 de
585 3991 681 4056 uobis
702 3995 833 4077 oeperut
855 3990 1037 4070 annuatim,
1051 4009 1127 4054 cum
1141 3992 1347 4056 attornctum
1358 3993 1421 4050 tery.

303 4097 452 4158 nostrum
467 4091 505 4156 in
526 4091 639 4158 eodem
660 4092 781 4180 placito
803 4096 916 4157 nostro
936 4095 1050 4158 contre
1071 4112 1181 4178 regem
1202 4092 1240 4156 in
1261 4112 1347 4158 scoc-

304 4193 390 4260 curio
412 4193 620 4276 recordasset,
651 4200 687 4260 et
707 4193 751 4261 ed
780 4195 921 4260 benoum
954 4193 1041 4281 regis
1067 4193 1125 4258 ubi
1158 4193 1246 4261 inter
1266 4193 1348 4260 elios

337 4470 542 4538 ¹struiccrcuruo]
562 4471 597 4534 id,
608 4470 638 4522 P.
849 4471 945 4522 tionem
971 4480 997 4523 ct
1023 4471 1240 4536 presenuuonem
1261 4469 1349 4530 secus,

336 4549 419 4601 ²Tbe
441 4557 615 4616 arrangement
637 4549 668 4598 of
683 4549 726 4600 the
747 4563 804 4600 sen·
850 4552 1028 4602 concordatum
1041 4551 1090 4600 tuit
1100 4551 1166 4614 quod
1176 4549 1252 4599 ebbus
1263 4555 1348 4598 noster

302 4635 376 4681 tenue
386 4629 469 4681 varies
479 4629 546 4680 from
557 4627 693 4680 thsttnP.
849 4629 1048 4693 praemuniretur,
1058 4629 1088 4679 P.

336 4707 347 4741 ³
368 4707 475 4760 Tandem
495 4741 503 4761 .
521 4741 528 4761 .
540 4705 715 4776 prensum]
739 4707 804 4758 Pos-
882 4706 1083 4760 ⁴Aibcrtutm
1108 4706 1188 4758 iutert
1206 4706 1248 4759 vel
1266 4705 1349 4758 dicere

302 4796 451 4842 muntem
461 4787 683 4854 mnopostticus
698 4785 803 4852 inquist-
850 4787 931 4851 sobet,
942 4789 972 4840 P.
