3610 5890
465 867 508 930 14
697 879 796 930 noco
818 879 928 930 11111
949 879 1105 942 comune
1126 881 1290 931 nncnrus.

464 1055 521 1122 IV.
555 1053 605 1122 Dc
626 1053 908 1144 appropriatione
938 1053 1078 1122 acala
1109 1053 1149 1122 dc
1184 1055 1391 1143 Ecyaptom
1418 1063 1449 1124 ct
1478 1057 1517 1124 dc

738 1157 896 1226 mambra
918 1155 1068 1243 ejusdcm
1089 1155 1241 1226 acala.

294 1315 442 1368 A.D.1aae
507 1293 656 1363 Poetheec
692 1301 812 1374 autem,
847 1317 921 1360 cum
955 1295 1114 1383 praefatus
1151 1296 1305 1361 dominus
1337 1296 1438 1384 Hugo
1476 1299 1517 1362 de

292 1389 384 1436 ⁴³⁴⁹·
464 1399 680 1488 Glainnvylla
701 1421 760 1486 per
785 1402 924 1464 tannos
947 1402 982 1463 ct
1005 1397 1146 1484 amplius
1169 1397 1395 1486 praescriptam
1418 1399 1516 1464 cccle-

294 1523 449 1590 myngcona.
462 1501 545 1568 siam
578 1501 620 1566 de
642 1499 838 1590 Edyngtona
861 1499 994 1588 pacifice
1016 1500 1208 1588 possideret,
1233 1505 1268 1566 et
1294 1523 1351 1589 per
1375 1505 1395 1566 2
1424 1501 1515 1566 vide-

294 1603 417 1722 Ῑῦῑιῑῑεξῶθ
461 1605 540 1671 licet
568 1627 671 1670 annos
694 1608 869 1692 postquam
900 1604 1023 1670 dictam
1054 1603 1221 1670 ecclesiam
1257 1605 1515 1694 archiepiscopus

294 1685 428 1788 1032,on
462 1707 684 1786 Eboraoensis,
709 1707 750 1772 de
774 1728 933 1772 consensu
955 1706 1124 1793 capellani,
1150 1707 1395 1796 appropriatam
1420 1707 1515 1773 nobis

293 1803 441 1922 {3⁸2⁰ch
461 1814 663 1876 concesserat
695 1809 935 1898 possidendam,
966 1809 1015 1874 ita
1047 1809 1145 1896 quod,
1173 1811 1307 1876 cedente
1340 1811 1394 1875 vel
1424 1812 1515 1876 dece-

294 1937 431 2002 rengnthe
460 1914 558 1980 dente
584 1911 722 2002 praefato
745 1913 879 1978 domino
895 1912 1050 1999 Hugone,
1077 1919 1203 1979 rectore
1225 1913 1368 1979 coclesiae
1392 1936 1515 1979 memo

293 2004 439 2122 {Ziffiff
459 2022 552 2098 ratae,
566 2017 801 2104 possessionem
819 2015 966 2102 ejusdem
982 2015 1123 2080 ecclesiae
1136 2016 1182 2081 sio
1197 2017 1348 2082 vacantis
1362 2017 1513 2096 nancisci,

293 2137 374 2188 ofthe
460 2125 496 2186 et
522 2119 764 2208 apprehendere
786 2118 922 2197 fructus,
945 2124 980 2184 et
1002 2123 1183 2206 proventus
1206 2119 1351 2203 ejusdem
1374 2121 1513 2186 ecclesiae

292 2205 448 2274 archbishop,
460 2224 632 2312 percipere,
649 2227 684 2287 et
705 2221 806 2286 libere
829 2243 996 2308 possemus
1019 2222 1189 2308 disponere
1213 2221 1254 2288 de
1276 2223 1408 2302 eisdem,
1429 2225 1514 2290 sicut

460 2325 608 2412 superius
638 2327 852 2412 praenotatur,
883 2345 943 2388 nos
975 2321 1018 2388 ab
1050 2323 1164 2390 eodem
1197 2324 1330 2390 domino
1369 2325 1512 2416 Hugone

459 2447 652 2493 consensum
673 2426 862 2514 resignandi
892 2426 1047 2491 obnixius
1077 2427 1310 2512 quaerebamus.
1356 2429 1404 2493 At
1434 2429 1511 2516 ipse,

459 2530 600 2619 grandes
633 2533 812 2618 proventus
834 2528 938 2616 ipsius
964 2529 1105 2595 ecclesiae
1128 2529 1273 2596 sentiens
1297 2535 1331 2594 et
1353 2531 1513 2620 importu-

459 2635 600 2698 nitatem
614 2636 761 2696 nostram
784 2653 1024 2718 recognoscens,
1041 2632 1186 2711 tandem,
1201 2655 1298 2698 causa
1320 2633 1431 2720 aliqua
1448 2635 1513 2700 alia

458 2737 568 2822 ipsum
590 2739 826 2812 commovente,
849 2739 972 2802 nostrae
994 2735 1150 2822 petitioni
1176 2735 1350 2822 acquievit,
1373 2741 1408 2800 et
1430 2759 1512 2824 prae·

459 2839 563 2904 fatam
578 2837 746 2904 ecclesiam
760 2837 955 2902 renuntians
977 2837 1014 2901 in
1028 2859 1146 2902 manus
1168 2837 1398 2928 archiepiscopi
1413 2841 1512 2928 resig-

291 2956 447 3009 vhomkcs
458 2943 562 3008 navit.
618 2941 727 3021 Quam
760 2940 1018 3028 resignationem
1041 2939 1301 3028 archiepiscopus
1331 2947 1510 3030 acceptans,

291 3022 444 3143 {ffigfflw
458 3046 553 3111 nobis
576 3041 785 3132 ingrediendi
808 3041 1008 3130 corporalem
1033 3043 1268 3130 possessionem
1294 3043 1438 3129 ejusdem
1462 3067 1512 3110 ec-

290 3161 353 3222 tay.
458 3148 573 3229 clasiae,
598 3147 644 3212 sio
674 3144 832 3222 vacantis,
867 3165 904 3208 ac
935 3143 1062 3209 fructus
1093 3152 1127 3210 et
1157 3151 1335 3234 proventus
1367 3147 1509 3233 ejusdem

456 3249 665 3340 percipiendi,
695 3254 729 3313 et
758 3249 794 3312 in
828 3269 906 3312 usus
940 3252 1069 3318 nostros
1103 3249 1251 3335 proprios
1289 3250 1510 3328 convertendi,

456 3353 634 3420 secundum
671 3351 749 3430 vim,
776 3349 927 3440 ¹formam
965 3354 1000 3416 et
1042 3349 1201 3428 effectum,
1232 3353 1508 3440 appropriationis

456 3457 640 3532 antedictae,
677 3454 801 3540 absque
831 3451 981 3517 ulteriori
1011 3451 1154 3532 licentia,
1184 3453 1321 3519 liberam
1351 3459 1509 3522 concessit

289 3578 411 3628 Provious
456 3557 656 3623 facultatem.
711 3554 788 3642 Ipse
821 3558 933 3618 autem
964 3553 1123 3642 praefatus
1155 3555 1307 3622 dominus
1337 3557 1436 3646 Hugo
1467 3561 1508 3624 dc

288 3659 427 3760 fflffi'ffi
458 3657 684 3746 Glainnvylla,
713 3660 753 3721 ut
786 3655 986 3744 praedioitur,
1017 3679 1123 3746 nuper
1157 3663 1264 3724 rector
1295 3659 1435 3726 ecclesiae
1465 3662 1507 3727 de

289 3777 368 3842 Hugh
379 3779 410 3827 de
456 3761 658 3850 Kayngham
680 3759 861 3838 extiterat3
889 3759 946 3824 sed
967 3759 1010 3824 ab
1034 3781 1072 3824 eo
1095 3782 1286 3826 consensum
1309 3763 1507 3850 resignandi,

289 3843 415 3962 ffiff‘
455 3869 503 3943 ut,
519 3886 578 3952 per
593 3863 802 3929 collationem
813 3861 959 3949 ejusdem
975 3863 1117 3928 ecclesiae
1139 3865 1180 3930 de
1196 3864 1397 3954 Kayngham
1411 3867 1507 3933 alteri

288 3993 350 4056 cuce
363 3984 389 4028 to
403 3967 667 4044 hisccnt'erendae,
698 3967 754 4056 jus
790 3971 942 4031 nostrum
981 3965 1123 4054 [plenius
1161 3969 1358 4056 appareret],
1394 3971 1506 4035 eadem

287 4045 561 4178 ffiffifnforma
593 4093 667 4156 qua,
698 4073 737 4134 ut
770 4067 966 4158 praedicitur,
999 4069 1041 4133 de
1070 4049 1203 4134 ecclesia
1233 4071 1274 4136 de
1312 4071 1505 4162 Esyngtona

288 4179 355 4231 hm
456 4176 548 4264 prius
584 4173 771 4252 feceramus,
806 4175 1037 4260 promerentes,
1068 4172 1175 4238 eidem
1207 4173 1340 4239 domino
1372 4176 1507 4264 Hugoni

456 4279 493 4342 in
524 4276 743 4363 quadraginta
780 4273 875 4339 libris
906 4275 1026 4338 annuis
1057 4275 1100 4339 ad
1141 4279 1248 4340 totam
1278 4277 1383 4344 vitam
1413 4301 1506 4344 suam

456 4403 516 4448 nos
539 4378 771 4466 obligabamus
829 4377 947 4444 Paucis
969 4381 1082 4442 autem
1109 4378 1224 4444 diebus
1247 4379 1365 4444 dehinc
1393 4383 1505 4447 evolu-

456 4485 510 4566 tis,
534 4505 593 4570 per
615 4481 871 4568 resignationem
894 4480 1019 4546 domini
1042 4481 1065 4546 J
1067 4481 1206 4547 ohannis
1228 4483 1269 4548 de
1287 4483 1503 4570 Cotyngham,

456 4593 495 4653 ut
526 4585 707 4674 praefertur,
737 4583 912 4672 praefatum
952 4583 1121 4648 dominum
1152 4584 1329 4671 Hugonem
1350 4587 1393 4650 ad
1422 4611 1505 4675 prae-

456 4691 612 4776 scriptam
643 4687 810 4752 ecclesiam
841 4687 881 4750 de
920 4685 1116 4773 Esyngtona
1144 4688 1387 4754 nominavimus
1420 4712 1504 4778 prae-

456 4791 660 4858 sentandum.
715 4789 777 4854 Per
814 4809 913 4874 quam
950 4790 1084 4875 quidem
1122 4791 1381 4858 nominationem
1420 4793 1500 4860 dicti
