3578 5874
510 843 575 911 272
741 857 879 910 rnouss
902 857 1008 908 sanus
1030 859 1146 910 sonus
1168 859 1330 910 onerare.

341 1039 411 1092 Ab.
425 1047 488 1094 ress
508 1032 654 1098 manerio
687 1039 798 1100 nostro
829 1034 870 1100 de
901 1034 1090 1120 Hsyholmo
1120 1035 1335 1100 existentium
1364 1055 1439 1100 cum
1472 1031 1547 1119 ipsis

341 1113 432 1160 '¹³⁹⁹‘
467 1135 616 1242 bnoluit
648 1121 838 1222 persolvere,
877 1141 916 1201 ut
947 1137 1029 1202 dicti
1060 1138 1198 1202 manerii
1237 1136 1373 1202 firmarii
1403 1135 1547 1222 perprius

341 1199 633 1310 iidillia'solvero
655 1240 800 1304 consueti
822 1239 962 1318 fixerant,
986 1247 1025 1304 ut
1047 1240 1210 1306 dicebant.
1256 1227 1445 1305 Sed'abbas
1474 1259 1547 1302 nos·

341 1325 454 1442 ζξξξοῃ
508 1347 568 1422 ter,
584 1341 728 1428 ipsorum
750 1343 834 1408 male
856 1343 963 1430 petita
984 1343 1117 1429 cupiens
1140 1342 1335 1423 refraenare,¹
1360 1340 1546 1428 impetravit

341 1459 473 1510 muneror
508 1444 608 1510 breve
625 1445 752 1532 regium
774 1445 959 1524 vicecomiti
974 1445 1170 1512 Eboracensi
1194 1445 1354 1511 directum
1379 1466 1418 1509 ac
1439 1443 1548 1509 collec-

342 1525 492 1654 {ffilm
508 1547 637 1613 toribus
652 1545 786 1612 decimas
807 1553 842 1612 et
862 1547 1122 1633 quintaedecimae
1144 1546 1339 1633 hujusmodi,
1355 1540 1547 1611 continens²

342 1669 441 1721 sunan
509 1649 692 1734 quodcum
715 1671 775 1715 nos
797 1654 831 1715 et
852 1650 1088 1714 monasterium
1111 1655 1262 1715 nostrum
1284 1648 1459 1714 habuimus
1482 1669 1546 1712 om·

340 1752 478 1868 mx).
508 1751 566 1815 nia
596 1765 701 1816 terras
722 1759 757 1817 e'e
778 1757 968 1818 tenementa
999 1756 1119 1830 nostra,
1144 1773 1218 1816 cum
1240 1751 1307 1816 suis
1332 1749 1546 1837 pertinentiis,

342 1869 477 1921 vfitsecu·
508 1853 543 1917 in
575 1852 795 1941 Cotyngham,
828 1854 1089 1940 Orawncewyk,'
1107 1853 1239 1932 Dalton,
1275 1851 1545 1929 Blaunchemerle,

341 1936 748 2068 fflffiissilumermersk,
782 1956 915 2036 Sutton,
948 1956 1071 2034 Routh,
1104 1955 1282 2042 Hayholm,
1316 1955 1418 2034 Mora,
1456 1953 1546 2031 Orco,

341 2069 462 2135 paysitis
509 2059 661 2144 Ergbom,
693 2059 874 2146 Haytffeld,
896 2058 1090 2138 Watbsand,
1122 2057 1248 2136 Amall,
1283 2062 1318 2122 et
1341 2057 1483 2136 Routon,
1512 2055 1547 2119 in

341 2137 385 2186 ‘¹¹⁶
396 2137 488 2202 ΜΠ·
508 2160 725 2248 Estridingia,
741 2160 968 2248 spiritualibus
982 2161 1105 2226 nostris
1127 2182 1264 2238 annexa,
1279 2164 1315 2226 et
1328 2159 1372 2224 ad
1393 2159 1548 2225 decimam

507 2285 581 2328 cum
604 2264 688 2329 clero
703 2264 740 2328 in
762 2263 900 2350 singulis
921 2263 1188 2350 praestationibus
1206 2261 1393 2350 hujusmodi
1408 2263 1546 2338 decimae,

507 2373 542 2432 et
564 2388 630 2432 non
661 2389 734 2432 cum
756 2367 853 2445 laicis,
877 2372 996 2433 taxata
1017 2373 1052 2433 et
1074 2367 1182 2432 taxari
1212 2371 1375 2447 consueta,
1398 2367 1547 2452 quodque

507 2468 695 2553 hujusmodi
709 2468 842 2534 decimae
865 2473 900 2534 et
922 2468 1184 2555 quintadecima
1207 2468 1399 2546 collectores,
1415 2468 1459 2533 ad
1482 2468 1547 2532 haec

507 2570 800 2644 considerationem
837 2591 904 2636 non
934 2571 1101 2650 babentes,
1130 2571 1285 2637 abbatem
1323 2575 1474 2635 nostrum
1507 2569 1546 2634 ad

507 2671 693 2759 hujusmodi
716 2673 1035 2760 quintamdecimam,
1059 2673 1187 2739 ratione
1217 2679 1378 2738 terrarum
1403 2680 1439 2738 et
1462 2679 1546 2738 tene-

507 2780 691 2840 mentorum
716 2781 902 2841 nostrorum
932 2776 970 2839 in
993 2775 1181 2862 Hsyholmo
1210 2776 1265 2840 vel
1296 2775 1385 2855 alibi,
1409 2797 1485 2861 quae
1510 2779 1546 2838 ut

507 2877 723 2962 praemittitur
755 2877 798 2942 ad
832 2877 992 2943 decimam
1019 2899 1093 2942 oum
1123 2877 1207 2943 clero
1237 2883 1407 2954 taxantur,
1441 2883 1478 2942 et
1509 2877 1546 2941 de

507 2980 626 3065 quibus
660 2979 818 3045 decimam
845 2980 977 3045 domino
1010 2981 1079 3068 regi
1113 2980 1270 3044 solvimus
1301 3001 1359 3066 pro
1388 2977 1486 3044 bonis
1515 2983 1547 3043 et

507 3081 633 3147 catallis
665 3082 785 3148 nostris
815 3083 955 3169 propriis
988 3103 1085 3169 super
1110 3082 1232 3147 eisdem
1262 3081 1359 3147 terris
1392 3086 1427 3145 et
1460 3087 1546 3146 tene·

357 3176 362 3186 '
476 3265 478 3273 J
508 3179 628 3250 mentis
660 3183 890 3262 existentibus,
917 3184 1005 3248 iuter
1036 3185 1135 3249 laicos
1167 3183 1301 3248 assideri
1334 3184 1546 3261 fermentet

508 3286 660 3351 abbatem
694 3287 799 3352 nostri
836 3287 1026 3352 monasterii
1055 3286 1133 3352 inde
1163 3307 1296 3351 onerare
1331 3285 1545 3363 intendentes,

508 3388 616 3452 minus
634 3388 733 3473 juste,
756 3387 792 3452 in
813 3387 917 3474 ipsius
939 3393 973 3454 et
996 3387 1183 3454 monasterii
1205 3387 1311 3452 nostri
1340 3388 1545 3474 dispendium

507 3510 573 3553 non
605 3489 769 3554 modicum
807 3504 841 3554 et
872 3511 1058 3576 gravamen,
1093 3490 1240 3576 quocirca
1271 3489 1350 3575 ipsis
1378 3490 1548 3555 mandavit

507 3591 594 3675 quod
616 3612 712 3678 super
733 3591 909 3676 praemissis
931 3592 1064 3656 omnino
1086 3591 1339 3678 supersederent,
1361 3592 1547 3658 nullatenus

507 3715 549 3757 ex
571 3692 631 3757 hac
660 3714 756 3757 causa
786 3713 846 3757 nos
868 3692 1008 3759 ulterius
1040 3693 1250 3759 molestantes
1282 3694 1318 3759 in
1339 3693 1463 3784 ‘aliquo
1493 3715 1546 3760 seu

507 3800 707 3882 gravantes3
736 3799 771 3860 et
793 3795 889 3880 quod,
913 3796 941 3859 si
971 3796 1112 3882 aliquam
1136 3794 1374 3860 districtionem
1396 3797 1493 3862 nobis
1514 3797 1546 3860 in

508 3896 741 3983 temporalibus
772 3897 894 3962 nostris
924 3918 981 3963 seu
1014 3897 1110 3963 bonis
1141 3895 1235 3962 nobis
1267 3897 1456 3983 aliqualiter
1478 3921 1547 3986 per-

509 3998 693 4064 tinentibus
723 3997 883 4077 fecissent,
914 3999 985 4064 sine
1023 3999 1180 4063 dilatione
1210 3998 1322 4085 aliqua
1354 4000 1546 4066 relaxarent

509 4101 646 4166 Proviso
679 4123 805 4187 semper
827 4102 914 4188 quod
949 4101 990 4166 de
1023 4101 1120 4167 terris
1145 4107 1179 4165 et
1200 4102 1396 4167 tenementis
1428 4103 1548 4169 nostris

508 4205 755 4292 quibuscunque
792 4208 867 4290 post
904 4225 1029 4268 annum
1066 4202 1256 4268 vicesimum
1293 4205 1386 4290 regni
1423 4205 1546 4270 domini

508 4307 655 4373 Eduardi
687 4307 773 4392 regis
798 4305 861 4370 filii
894 4307 979 4395 regis
1002 4304 1139 4372 Henrici
1174 4306 1349 4392 acquisitis,
1372 4329 1431 4393 pro
1457 4307 1546 4373 bonis

507 4417 542 4478 et
573 4409 699 4476 catallis
730 4429 827 4495 super
849 4408 946 4474 dictis
977 4412 1073 4474 terris
1110 4407 1337 4488 existentibus,
1361 4409 1403 4474 ed
1437 4409 1546 4496 hujus·

541 4680 550 4713 ¹
567 4679 715 4747 rffroeaare]
732 4678 874 4736 reffrenare,
884 4676 942 4728 ΜΒ.
1053 4689 1113 4727 over
1123 4673 1167 4726 the
1178 4675 1261 4726 words
1273 4673 1357 4739 “ipsis
1368 4677 1431 4728 dam
1441 4673 1469 4728 in
1479 4693 1548 4730 man-

540 4757 710 4824 majumam,
730 4757 869 4822 consuens]
906 4755 1005 4807 written
1052 4758 1068 4786 ‘⁶
1084 4753 1376 4819 damperssedinMS.
