3610 5890
467 899 507 960 34
697 909 794 957 uuae
817 907 925 956 assas
947 905 1098 966 curuans
1122 903 1285 953 nectimus

298 1097 367 1151 an.
382 1105 444 1148 raes
465 1084 556 1148 ultra
577 1083 683 1147 locum
697 1086 824 1146 eertum
840 1101 938 1166 quem
952 1079 1072 1145 habere
1087 1080 1280 1156 debuerunt,
1295 1099 1353 1164 per
1367 1077 1513 1164 spatium

298 1171 389 1216 ‘¹³⁴⁹‘
465 1205 533 1252 non
544 1185 716 1266 modicum,
727 1187 840 1250 eontra
854 1182 994 1248 aliorum
1009 1182 1251 1262 conscientiam,
1268 1175 1510 1268 apposuerunt¹

183 1325 189 1338 .
300 1293 433 1345 Prema
465 1288 707 1355 Praesentatum
729 1287 830 1352 etiam
853 1285 917 1352 fuit
939 1307 1046 1352 coram
1063 1285 1256 1372 justitiariis
1276 1283 1402 1350 domini
1428 1282 1514 1369 regis

299 1360 351 1412 tion
362 1362 434 1412 made

299 1429 387 1492 mh,
466 1390 555 1478 apud
569 1390 762 1468 Eboracum,
779 1411 837 1475 per
854 1389 1021 1474 juratores
1043 1387 1085 1454 de
1108 1387 1263 1474 Dryffeld
1285 1392 1320 1452 et
1343 1383 1511 1470 HerthylL

258 1491 261 1500 ’
296 1494 421 1558 jeroso!
466 1492 554 1580 quod
575 1513 636 1558 nos
657 1491 912 1579 perquisivimus
941 1491 981 1556 de
1004 1491 1137 1556 Simone
1170 1491 1212 1556 de
1243 1487 1448 1574 Northorpia
1472 1486 1513 1551 de

299 1561 618 1682 fflssffSkyrena
628 1615 732 1660 unum
747 1595 950 1681 mesuagium
965 1598 1001 1658 at
1012 1596 1032 1659 3
1045 1592 1182 1658 bovatas
1191 1596 1290 1658 terrae
1304 1591 1340 1658 in
1355 1589 1515 1674 Skyrena,

299 1693 446 1810 gemb
466 1719 541 1784 quae
562 1697 719 1762 valebant
740 1719 799 1783 per
827 1717 953 1762 annum
987 1699 1030 1761 40
1062 1695 1191 1776 solidos,
1228 1698 1303 1780 post
1340 1696 1513 1759 statutum.

298 1767 414 1878 ΜΨ
466 1799 707 1868 Praesentatum
731 1800 834 1864 etiam
856 1799 922 1864 fuit
944 1799 1183 1886 perjuratores
1207 1797 1249 1862 de
1271 1797 1458 1883 Dykrynge
1480 1798 1515 1859 et

296 1893 454 1945 Vim·
467 1900 616 1969 Bukmse
647 1903 737 1989 quod
770 1923 831 1968 nos
861 1903 982 1968 iterum
1011 1901 1307 1988 perquisivimus2
1337 1897 1515 1984 mesnagis,

465 2011 486 2071 4
508 2005 649 2072 bovatas
671 2011 777 2085 terrm,
793 2010 827 2070 et
843 2009 885 2069 10
900 2025 991 2070 aeras
1013 2003 1101 2068 bosci
1123 2008 1158 2067 ei
1180 2009 1332 2089 pastura,
1346 2004 1383 2066 in
1399 2000 1516 2066 Wher-

464 2129 565 2186 roma,
590 2108 631 2172 de
653 2105 821 2172 Willelmo
856 2106 981 2192 Sleght,
1003 2127 1079 2191 quae
1101 2099 1282 2170 valebant²
1306 2125 1365 2190 per
1387 2121 1512 2167 annum

465 2215 508 2278 46
532 2211 662 2291 solidos,
695 2215 771 2298 post
808 2215 980 2275 statutum.
1026 2207 1093 2274 Sed
1130 2212 1243 2272 utrum
1265 2229 1325 2272 nos
1347 2207 1513 2272 licentiam

361 2351 364 2358 ·
465 2313 588 2378 domini
605 2313 692 2399 regie
714 2313 890 2378 habuimus
905 2333 1015 2392 necne,
1031 2333 1066 2377 se
1088 2311 1096 2341 ⁸
1105 2311 1269 2396 juratores
1279 2307 1310 2348 '³
1323 2311 1515 2376 fatebantur

464 2413 637 2502 ignorare.⁴
681 2413 855 2495 Quarum⁵
887 2419 1000 2480 tamen
1031 2414 1325 2500 praesentationum
1354 2411 1513 2499 placitum

1118 2517 1150 2532 '‘
1272 2515 1354 2580 mini
1377 2515 1428 2580 Ro
1469 2515 1515 2579 rti

297 2629 452 2680 Nsffretona.
464 2521 596 2686 {gabiis
611 2519 910 2706 aligffizfiilgviffl
929 2522 1060 2685 ΜΗἛΒ
1083 2517 1395 2705 Ἓῢὼοῗῑξθὰοᾶἱθῦΰῦ,
1428 2516 1513 2682 liiiiii]

283 2707 434 2826 'pinguim
464 2723 618 2788 dominus
656 2721 820 2788 Henricus
851 2721 892 2786 de
926 2722 1039 2807 Percy‚
1070 2722 1223 2787 dominus
1247 2722 1288 2786 de
1311 2721 1516 2794 Nemeaeus,

297 2789 439 2906 Pffreyefifiry
464 2825 636 2892 libertates
681 2829 716 2890 et
753 2825 983 2911 permissiones
1027 2824 1123 2889 nobis
1168 2824 1211 2889 ab
1255 2821 1515 2889 antecessoribus

298 2907 428 3023 panapa-
465 2928 532 2992 suis
553 2926 696 3006 collatas,
719 2927 759 2990 de
781 2927 944 2992 tractione
975 2925 1097 2991 retium
1119 2931 1307 2991 nostrorum
1329 2947 1427 3012 snper
1449 2929 1515 2990 ter·

297 2989 446 3092 ligirium
464 3051 536 3094 ram
558 3049 651 3095 suam
673 3029 716 3094 ad
738 3028 951 3116 piscationem
974 3049 1068 3114 aquae
1088 3033 1211 3094 nostrae
1232 3029 1273 3094 de
1296 3027 1457 3114 Skymnia,
1481 3031 1514 3091 et

298 3105 435 3162 Mam·
465 3132 584 3199 liberos
616 3132 779 3198 transitus
810 3133 847 3196 in
877 3131 1022 3197 dominio
1055 3131 1096 3196 ue
1129 3131 1332 3208 uaesana,
1365 3137 1399 3196 a
1430 3130 1513 3195 aua

464 3235 730 3302 confirmationes
752 3255 812 3299 nos
835 3255 903 3298 non
925 3233 1133 3320 permitteret
1155 3235 1369 3321 congaudere,
1393 3241 1428 3298 et
1450 3232 1515 3298 alia

464 3339 640 3426 opprobria
655 3343 771 3402 contra
792 3357 853 3401 nos
869 3337 1074 3421 conjectaret,
1098 3337 1203 3402 coacti
1225 3357 1339 3401 sumus
1353 3357 1429 3400 cum
1443 3337 1514 3422 ipso

465 3441 565 3504 finem
594 3461 653 3525 pro
687 3461 774 3504 nova
806 3437 1055 3503 confirmatione
1089 3439 1238 3508 omnium
1270 3438 1514 3524 praemissorum

465 3539 642 3607 renovare.⁷
670 3539 778 3617 Unde,
789 3561 849 3626 pro
864 3540 1111 3606 confirmatione
1126 3529 1274 3606 omnium
1289 3539 1514 3618 donationum,

465 3643 710 3708 concessionum
732 3646 766 3705 et
788 3641 1086 3720 confirmationum,
1107 3647 1348 3710 antecessorum
1371 3663 1515 3721 suorum,

297 3752 446 3802 meracum.
466 3744 572 3810 eidem
594 3744 706 3809 decem
728 3763 853 3809 marcas
875 3743 1079 3810 dederamus.
1126 3745 1268 3826 Interea,
1289 3745 1441 3812 redditus
1458 3767 1516 3812 an·

298 3832 444 3955 zm?
465 3867 551 3912 nurus
584 3849 602 3910 5
639 3844 829 3924 solidorum,
861 3865 959 3931 quem
992 3848 1190 3913 monasterio
1213 3847 1255 3914 de
1278 3847 1434 3935 Whytby
1457 3869 1515 3936 pro

499 4135 507 4166 ¹
525 4133 628 4185 Dictum
646 4172 652 4184 .
671 4171 677 4184 .
695 4134 875 4201 appotamus]
889 4141 968 4186 want·
990 4158 991 4168 κ
1012 4137 1102 4200 sabat,
1113 4136 1353 4201 quod,anteipsum
1364 4144 1464 4202 tempus
1474 4137 1516 4187 vel

465 4215 510 4280 ing
521 4214 549 4263 in
560 4213 591 4266 P.
987 4273 988 4276 Ἴ
1011 4222 1076 4280 post,
1087 4231 1215 4280 nunquam
1226 4215 1309 4280 siqua
1324 4223 1469 4267 tenementa
1484 4218 1515 4266 de

498 4291 509 4323 ²
526 4289 653 4356 vabbuae]
666 4293 759 4354 valam,
771 4291 802 4343 P.
1012 4295 1099 4344 eodem
1117 4293 1251 4346 willelmo
1268 4295 1358 4360 Sleght
1377 4295 1406 4344 in
1422 4293 1516 4346 wne-

498 4371 509 4403 ³
524 4371 531 4392 ⁸
533 4373 661 4436 juratores
668 4370 691 4436 ']
705 4370 819 4435 wanting
829 4369 894 4422 inP.
1011 4385 1083 4423 roma
1096 4373 1302 4438 acquirebam,
1319 4380 1345 4424 et
1361 4375 1430 4438 qnod
1447 4381 1516 4424 tene-

497 4453 508 4482 ⁴
525 4451 601 4502 Asta
611 4453 733 4517 ι’ρηωανε,
749 4463 807 4500 eum
827 4455 889 4500 tune
909 4457 968 4500 ante
1010 4459 1096 4503 menta
1111 4452 1164 4517 ipsa
1180 4454 1208 4503 in
1220 4449 1338 4518 Skyrena
1358 4454 1389 4502 de
1408 4452 1516 4518 prefato

464 4531 545 4596 ipsum
556 4537 655 4594 tempas
667 4544 715 4580 nee
725 4537 791 4594 post,
802 4529 889 4579 erased
900 4528 926 4577 in
938 4529 968 4580 P.
1013 4530 1115 4582 Simone
1127 4533 1157 4582 de
1167 4531 1335 4597 Northorpia;
1348 4531 1414 4582 aiter
1422 4531 1516 4590 which,

497 4609 507 4640 ⁵
529 4608 640 4670 Quarum
656 4645 689 4662 ..
714 4645 721 4656 .
738 4607 965 4674 presentationem]
1011 4611 1119 4661 necdum
1138 4609 1239 4662 suarm
1257 4609 1403 4676 perquisita,
1420 4609 1517 4666 amaad,

464 4689 539 4750 Quod
549 4697 634 4740 tamen
645 4688 776 4754 placitum,
787 4687 818 4738 P.
1012 4689 1041 4738 P.
1583 4717 1586 4722 -

496 4765 508 4798 ⁸
524 4765 599 4818 After
610 4768 729 4833 requievit
739 4765 826 4827 insert,
844 4767 968 4832 Tempore
1046 4768 1055 4802 ⁷
1070 4783 1118 4831 pro
1135 4804 1142 4817 .
1160 4805 1166 4818 .
1185 4769 1315 4834 renouare]
1328 4769 1421 4830 faeere,
1432 4769 1462 4817 P.

463 4844 969 4910 etimdietammpraesentationumecn·
