3578 5874
480 871 544 934 260
708 887 846 936 rnonss
868 887 977 938 assis
998 888 1116 940 nouus
1137 889 1302 940 suemus

312 1065 381 1119 AD.
395 1071 458 1119 lass
478 1061 668 1148 hujusmodi
690 1065 888 1130 scrutinium
921 1066 1112 1131 nullatenus
1134 1065 1243 1130 voluit
1278 1065 1453 1152 publicare,
1475 1066 1533 1130 sed

310 1139 402 1186 '¹³⁹⁹'
478 1185 552 1230 oum
567 1166 759 1252 juramento
775 1165 973 1255 magnaliter
986 1189 1021 1234 se
1036 1169 1224 1254 astringam
1238 1168 1418 1233 affirmavit
1434 1169 1532 1254 quod,

477 1273 685 1353 precantum
708 1270 825 1334 marcis
841 1269 905 1334 sibi
928 1271 964 1334 in
986 1274 1110 1334 eventu
1132 1269 1364 1356 persolvendis,
1388 1270 1530 1355 aliquem

477 1391 535 1456 per
558 1369 648 1434 viam
683 1372 837 1437 scrutinii
869 1372 916 1437 sic
947 1372 1089 1437 electum
1123 1373 1232 1437 noluit
1255 1378 1432 1458 acceptare,
1462 1371 1529 1448 sed,

476 1491 536 1557 pro
558 1493 596 1537 eo
619 1473 707 1558 qnod
730 1473 803 1559 ipsa
825 1474 942 1538 electio
964 1474 1128 1538 celebrata
1150 1479 1236 1539 essct
1267 1475 1303 1538 in
1325 1473 1530 1551 discordiam,

475 1575 674 1640 auctoritate
707 1597 769 1641 sua
801 1580 942 1662 paterna
973 1597 1078 1641 unum
1115 1574 1291 1642 idoneum¹
1330 1575 1530 1642 monasterio

475 1681 588 1741 nostro
620 1677 801 1763 praeficeret
834 1679 870 1742 in
907 1678 1072 1744 abbatem.
1126 1678 1235 1755 Unde,
1274 1682 1431 1764 sequente
1466 1677 1528 1754 die,

475 1777 619 1844 intratos
652 1779 834 1866 capitulum
865 1801 924 1845 sno
957 1802 1057 1860 more,
1092 1803 1129 1846 ac
1163 1781 1204 1846 de
1227 1781 1384 1847 electione
1415 1779 1462 1846 sic
1492 1780 1529 1844 in

475 1879 669 1947 discordiam
716 1881 882 1948 celebrata
926 1887 1128 1948 conventum
1166 1882 1344 1968 alloquens,
1383 1881 1528 1969 praefecit

474 1981 553 2068 ipsis
575 1983 612 2048 in
635 1984 788 2050 abbatem
811 1985 986 2071 praefatum
1014 1985 1185 2051 dominum
1209 1985 1368 2050 Thomam
1389 1985 1526 2062 Burton,

473 2085 728 2151 reclamantibus
750 2087 912 2152 universis
935 2087 973 2151 in
1003 2087 1075 2174 ipso
1097 2087 1243 2174 capitulo
1265 2087 1526 2152 consedentibus,

473 2207 512 2252 ae
534 2188 577 2252 sd
604 2187 691 2274 juris
725 2189 879 2268 remedia,
901 2188 939 2253 in
973 2193 1097 2254 eventu
1119 2190 1322 2276 gravaminis
1355 2187 1415 2267 sui,
1441 2186 1526 2252 affir-

473 2290 643 2354 mantibus
665 2291 743 2356 lse'
766 2291 851 2356 velle
873 2289 981 2356 forma
1003 2291 1117 2356 debita
1138 2291 1318 2358 convolare.
1364 2289 1430 2356 Sed
1455 2291 1526 2376 ipse

473 2395 569 2478 pater
591 2391 693 2457 abbas
715 2392 796 2458 dicti
819 2393 944 2458 domini
969 2393 1061 2459 ducis
1084 2393 1300 2460 Gloucestriae
1322 2391 1525 2458 officialium·

473 2515 536 2578 que
559 2493 662 2579 ipsius
693 2499 818 2559 metum
852 2495 933 2581 ipsis
956 2495 1229 2576 comminabatur,
1253 2494 1430 2581 quodnisi
1453 2494 1524 2579 ejus

469 2591 681 2660 ‘mandatis'
704 2609 857 2682 parerent
888 2617 963 2662 cum
986 2597 1113 2675 effectu,
1136 2599 1284 2684 ipsorum
1305 2596 1451 2682 singulos
1473 2617 1523 2660 re-

472 2695 654 2783 plicantes²
668 2697 705 2761 in
727 2699 861 2784 prisona
875 2699 957 2764 dicti
980 2699 1106 2764 domini
1128 2699 1221 2764 ducis
1241 2699 1330 2786 apud
1346 2699 1522 2764 Hedonam

471 2798 593 2865 faceret
614 2800 800 2880 intercludi,
833 2800 946 2886 ibique
967 2801 1110 2867 detineri
1142 2823 1309 2887 quousque
1332 2800 1403 2886 ejus
1425 2801 1522 2866 bene-

471 2901 592 2988 placita
615 2901 790 2967 admittere
819 2907 1035 2988 acceptarent.
1082 2903 1182 2969 Unde
1204 2907 1387 2970 conventus
1416 2901 1521 2968 nostri

471 3005 671 3083 monasterii,
711 3005 831 3070 timore
868 3005 1005 3071 carceris
1042 3005 1107 3070 sibi
1143 3007 1344 3082 comminati,
1383 3003 1522 3070 ulterius

471 3107 558 3173 dioto
589 3107 679 3195 patri
711 3107 825 3172 abbati
856 3107 1033 3192 quiequam
1066 3109 1104 3172 in
1134 3109 1336 3173 contrarium
1359 3125 1520 3193 opponere

470 3231 538 3275 non
560 3210 710 3275 audebat.
759 3209 824 3274 Sed
840 3211 1019 3274 sentientes
1038 3209 1126 3296 ipsos
1148 3210 1295 3276 indebite
1310 3207 1520 3297 praegravari,

469 3313 512 3377 ad
543 3313 747 3379 audientiam
778 3313 920 3398 proximi
957 3313 1095 3399 capituli
1131 3312 1292 3400 gerardis
1323 3310 1519 3377 auctoritate

468 3413 643 3481 sufficienti
688 3413 873 3480 celebrandi
918 3435 1027 3480 coram
1072 3415 1201 3480 notario
1246 3413 1378 3502 publico
1414 3414 1520 3478 forma

463 3517 548 3602 juris
581 3517 801 3604 appellarunt,
825 3537 864 3581 ac
893 3515 982 3602 ipsos
1005 3516 1184 3582 Ricardum
1219 3521 1254 3582 et
1276 3516 1421 3580 Alanum
1442 3535 1519 3580 suos

466 3639 564 3684 varos
586 3622 811 3706 procuratores
833 3617 1003 3704 legitime⁸
1018 3619 1223 3685 ordinarunt
1270 3619 1376 3705 Super
1397 3616 1518 3704 quibus

466 3720 716 3808 gravaminibus
749 3724 784 3786 et
815 3741 929 3786 eorum
960 3720 1160 3808 dependiciis
1191 3721 1271 3786 dieti
1294 3719 1454 3786 Ricardus
1483 3723 1518 3784 et

466 3821 595 3888 Alanus
613 3822 777 3908 judicium
800 3823 881 3888 dicti
903 3822 1043 3908 capituli
1067 3823 1229 3911 generalis
1252 3822 1315 3889 sibi
1346 3821 1518 3910 postulant

297 3933 439 4003 Theehqa
466 3925 503 3990 in
525 3927 655 4012 scriptis
676 3924 848 3990 humiliter
869 3923 1026 3991 exhiberi.
1073 3925 1139 3990 Sed
1162 3926 1289 3991 dictum
1311 3921 1516 4012 capitulum,⁴

296 4005 335 4050 ter
349 4017 421 4054 com·

295 4067 399 4119 mission
409 4071 454 4124 tho

296 4135 429 4187 abbotsof
465 4130 523 4216 qui
546 4130 748 4196 contrarium
763 4130 872 4195 voluit
893 4130 1043 4216 allegare,
1067 4151 1128 4195 nec
1149 4151 1209 4217 pro
1231 4134 1325 4216 perte
1348 4129 1517 4195 electionis

294 4199 443 4321 fnuffihe
464 4233 545 4299 dicti
563 4229 574 4259 l
589 4233 738 4298 domini'
760 4232 896 4298 Thomae
927 4232 1060 4298 abbatis
1093 4233 1199 4298 nostri
1228 4233 1292 4298 rite
1314 4231 1412 4297 factae
1442 4251 1515 4317 pro-

294 4333 435 4387 toinvess-
462 4357 583 4423 penore
620 4337 816 4422 agnovisset,
850 4334 1014 4400 commisit
1043 4335 1130 4400 vices
1164 4355 1242 4400 suas
1272 4333 1516 4400 venerabilibus

293 4403 406 4534 iffi&
462 4437 610 4526 patribus
634 4439 674 4503 de
699 4437 857 4502 Furnesio
879 4443 914 4502 et
937 4438 977 4502 de
1001 4437 1095 4523 Rupe
1118 4437 1391 4502 monasteriorum
1413 4435 1514 4500 abba·

466 4027 672 4093 considerans
695 4028 784 4114 quod
817 4048 885 4092 non
908 4033 992 4092 esset
1026 4027 1200 4113 quisquam
1222 4027 1257 4092 in
1280 4028 1352 4113 ipso
1374 4025 1518 4113 capitulo

462 4611 631 4618 ——---—.-—-.
649 4612 684 4616 —
697 4611 708 4616 -
723 4611 729 4616 -
754 4609 856 4615 --—-...
868 4609 919 4614 --.-
1223 4609 1235 4614 ,

495 4702 503 4734 ¹
520 4701 641 4767 ι’ἅοπενηι]
661 4699 781 4766 ydonium
793 4698 820 4748 in
831 4697 888 4748 MS.
1045 4699 1055 4732 ⁸
1072 4699 1187 4765 lepitimc]
1207 4698 1325 4764 legittime
1337 4697 1362 4746 in
1374 4697 1430 4747 MS.

493 4781 505 4813 ²
520 4779 664 4847 replicantes
676 4780 688 4845 ]
736 4777 901 4844 repplicantes
935 4775 961 4825 in
1045 4774 1055 4806 ⁴
1072 4774 1149 4825 Alter
1159 4771 1300 4838 capitulum,
1312 4789 1371 4823 cum
1382 4784 1434 4822 nen
1448 4778 1514 4822 esset

461 4859 516 4912 MS.
1012 4851 1266 4918 qniermedinMS.
