3578 5874
515 905 652 956 raonis
673 905 781 956 nasus
802 906 920 957 nonus
942 905 1102 956 nacmus.
1265 889 1329 952 249

285 1081 518 1198 exceptionum
540 1080 700 1146 conclusit
720 1101 908 1147 communes
929 1084 1080 1167 prosecut
1081 1079 1113 1144 io
1065 1083 1163 1146 tet
1177 1097 1332 1164 expensae
1345 1085 1415 1202 all).
1430 1092 1493 1138 isse

285 1185 321 1248 in
343 1184 577 1249 exoneratione
611 1183 775 1271 condigna
805 1183 1005 1249 decimarum
1037 1203 1096 1268 pro
1129 1179 1251 1246 eisdem
1274 1157 1395 1243 uli-'¹³
1345 1231 1409 1282 their
1413 1159 1462 1284 ⁹12·

286 1285 428 1372 qualiter
458 1285 679 1364 sublevarent,
711 1283 798 1350 idem
830 1285 932 1350 abbas
965 1289 1118 1349 noster'
1151 1283 1192 1348 de
1231 1281 1334 1346 Melae
1345 1305 1372 1349 to
1373 1247 1503 1366 eximi?

286 1388 360 1453 aliis
393 1388 591 1465 memoratis,
622 1387 786 1466 videlicet,
819 1385 951 1453 Sanctae
979 1385 1094 1452 Mariae
1126 1383 1267 1449 Eboraci
1300 1364 1409 1447 etim

286 1491 400 1556 abbati
422 1490 463 1554 de
485 1490 596 1576 Selby,
619 1511 710 1576 quos,
733 1490 768 1553 in
801 1490 936 1576 praedict
937 1513 957 1554 a
986 1488 1191 1554 concessione
1213 1484 1335 1551 medic-

286 1592 349 1658 tat'
340 1613 369 1658 rs
405 1591 548 1672 decimae,
587 1592 701 1658 eadem
739 1591 845 1657 formu
883 1593 1113 1677 exceptionum
1145 1611 1204 1676 pro
1239 1589 1336 1654 terris

288 1693 490 1781 consumptis
512 1694 549 1759 in
571 1694 772 1760 Holderness
802 1699 836 1759 et
866 1694 902 1757 in
929 1690 1122 1758 Mershland
1156 1712 1230 1756 oum
1253 1711 1336 1777 prae-

289 1797 359 1862 sato
393 1796 526 1862 domino
560 1796 802 1883 archiepiscopo
825 1800 860 1861 et
891 1795 962 1881 ipso
997 1794 1117 1859 abbate
1148 1798 1262 1859 nostro
1297 1793 1338 1858 dc

289 1899 393 1964 Melea
426 1897 585 1983 alligavit,
622 1898 758 1964 nuntios
795 1895 952 1963 idoneos1
991 1895 1180 1974 destinavit,
1218 1917 1337 1982 rogans

289 2001 419 2066 eosdem
442 2005 606 2086 quatenus
637 2023 734 2086 super
767 1999 1016 2087 exceptionibus
1048 1998 1247 2086 praescriptis
1277 2018 1336 2083 pro

290 2102 387 2167 terris
409 2101 619 2188 consumptis,
641 2102 747 2167 forma
776 2100 1020 2188 prosecutionis,
1044 2123 1082 2166 oc
1106 2099 1336 2165 exoneratione

290 2204 454 2292 condigna
493 2203 691 2269 decimarum
723 2224 781 2290 pro
813 2203 944 2281 eisdem,
968 2224 1028 2290 pro
1054 2208 1135 2268 tunc
1172 2207 1207 2267 et
1228 2203 1337 2289 inpos·

289 2312 406 2383 terum,
441 2306 658 2372 communiter
696 2305 819 2390 alloqui
857 2305 1080 2393 dignarentur,
1114 2311 1153 2370 ut
1190 2305 1337 2370 omnium

291 2407 467 2474 eorundem
490 2407 526 2472 in
557 2407 670 2473 eodem
692 2409 825 2493 negotio
847 2414 881 2473 et
912 2407 1017 2473 forma
1047 2407 1208 2474 consimili
1231 2427 1339 2494 prose·

291 2510 462 2597 quentium
493 2510 620 2575 labores
654 2518 688 2575 et
721 2531 833 2576 omnes
865 2531 1017 2596 expensae
1038 2509 1157 2575 fierent
1190 2509 1337 2588 leviores,

291 2619 326 2678 et
348 2633 390 2678 ne
423 2617 573 2699 separata
602 2612 728 2698 negotii
749 2613 962 2699 attemptatio
995 2618 1114 2700 praeter
1144 2612 1339 2678 immodera-

292 2715 417 2781 tionem
451 2735 677 2802 expensarum,
699 2714 821 2802 fatigas
855 2715 1021 2801 plurimos,
1042 2715 1171 2780 labores
1196 2715 1338 2792 inutiles,

293 2823 328 2882 et
349 2815 488 2902 alicujus
510 2816 655 2903 ipsorum
680 2815 826 2881 damna²
849 2817 903 2882 rel
925 2816 1123 2897 discrimina,
1139 2823 1338 2904 provocaret

293 2918 360 2986 Sed
383 2918 541 3006 praeiatus
564 2917 667 2984 abbas
691 2918 731 2984 de
754 2918 856 3003 Sclby
872 2919 1011 2984 ulterius
1033 2919 1186 3006 prosequi
1208 2920 1246 2983 in
1268 2919 1339 3006 ipso
1352 2925 1480 3004 Theade-

294 3021 427 3108 negotio
460 3043 520 3107 pro
554 3019 747 3108 exceptione
779 3043 839 3085 sua
873 3027 934 3086 aut
965 3022 1200 3086 exoneratione
1231 3023 1343 3106 aliqua
1354 2992 1465 3110 mapeetpl

294 3145 361 3188 non
383 3123 554 3188 intendere
576 3145 637 3188 nec
659 3123 743 3188 velle
765 3123 952 3203 asserebat3
973 3123 1135 3209 praecipue
1149 3145 1223 3189 cum
1245 3130 1342 3190 terrae
1354 3125 1397 3177 the
1408 3132 1507 3178 matter

296 3231 331 3292 et
368 3230 555 3292 tenemento
593 3247 652 3290 sua
689 3225 725 3289 in
763 3224 793 3289 le
831 3225 1028 3303 Mershland,
1065 3247 1123 3310 per
1160 3225 1343 3291 alluviones

295 3349 457 3414 aquarum
501 3327 627 3393 dudum
672 3326 844 3406 inundato,
889 3327 996 3392 adhuc
1040 3349 1100 3393 suo
1145 3328 1343 3393 monasterio

294 3453 386 3517 paene
409 3430 540 3518 integra
572 3435 789 3506 remanerent,
812 3428 890 3494 lieet
925 3429 1037 3496 eadem
1071 3435 1169 3496 terrae
1195 3437 1229 3496 et
1250 3436 1342 3496 tene-

279 3525 416 3611 menta,
439 3539 514 3620 post
547 3532 653 3598 dictas
686 3531 922 3597 inundationes
949 3537 984 3598 et
1015 3537 1149 3620 propter
1170 3533 1342 3598 valvarum

298 3639 457 3721 sumptus,
486 3635 529 3699 od
562 3635 676 3699 solitos
709 3655 822 3699 eorum
857 3639 1037 3720 proventus
1066 3635 1256 3701 nullatenus
1292 3658 1344 3702 re-

297 3737 503 3822 sponderent.
549 3735 687 3801 interim
713 3757 790 3802 vero
824 3735 1060 3801 monasterium
1090 3735 1203 3803 Bentae
1228 3739 1343 3804 Mariae

297 3839 435 3904 Eboraci
457 3861 478 3904 a
507 3845 637 3925 pastore
660 3839 770 3904 fuerat
793 3839 977 3904 viduatum,
1024 3837 1126 3923 Cujus
1152 3842 1342 3906 monasterii

296 3941 447 4006 monachi
480 3941 647 4007 consimile
681 3961 874 4027 responsum
909 3941 995 4006 sicut
1028 3940 1130 4006 abbas
1168 3942 1208 4008 de
1240 3943 1341 4029 Selby

296 4042 418 4108 nostris
449 4043 579 4108 nuntiis
609 4042 854 4122 reddiderunt;
894 4042 1014 4108 licet'
1005 4064 1041 4106 1n
1072 4045 1273 4110 tenementis
1307 4051 1342 4111 et

297 4146 392 4210 terris
414 4146 482 4211 suia
511 4144 600 4234 apud
623 4144 822 4210 Homesse
812 4166 848 4209 1n
872 4144 1058 4210 Holdemes
1079 4167 1138 4231 per
1160 4146 1343 4213 allusiones

297 4248 397 4312 maris
418 4269 536 4335 graves
558 4247 823 4333 consumptiones
852 4246 958 4311 indies
980 4247 1188 4315 sustinerent.
1243 4249 1342 4315 Unde

298 4351 452 4416 abbatem
483 4355 633 4416 nostrum
667 4354 701 4415 et
734 4349 970 4414 monasterium
1008 4354 1159 4416 nostrum
1196 4351 1343 4437 praelatae

298 4452 502 4541 exceptionis
518 4459 640 4519 nostrae
663 4451 931 4539 approbationem
947 4457 982 4518 et
1004 4453 1203 4541 condignum
1226 4475 1344 4518 exone-

298 4555 438 4621 rationis
452 4555 622 4642 negotium
644 4553 751 4620 solum
773 4552 907 4640 aggredi
929 4554 1112 4641 oportebat.
1161 4553 1227 4619 Sed
1251 4561 1343 4620 ante-

299 4679 397 4746 quam
420 4658 555 4724 termini
577 4656 760 4745 praescripti
789 4655 963 4722 solutionis
986 4656 1134 4742 praeiatae
1157 4657 1344 4724 medietatis

302 4819 363 4829 ...u-.-
375 4817 450 4826 ..φ-ω
473 4817 740 4825 -.-.—---..-.—-—
1206 4817 1308 4826 ——.....

336 4903 470 4970 ¹u0mJ
490 4902 634 4968 yuouoein
646 4901 702 4954 us
824 4901 830 4968 ι
884 4899 1246 4968 2uaaa1nmpnnus.
