3614 5888
422 866 485 930 102
664 833 845 928 iossrmns
867 875 914 924 nn
937 872 1081 934 ananau,
1105 870 1222 922 Annis

255 1067 401 1121 A.D.1e⁵e
423 1054 646 1132 Eboracensis,
662 1052 794 1117 nomine
816 1071 933 1137 poenae,
950 1049 1077 1114 solvere
1099 1055 1293 1114 teneremur.
1340 1047 1474 1114 Renun-

255 1139 346 1186 '¹³⁵⁶'
414 1158 581 1224 'tinuimus
596 1155 697 1222 etiam
713 1153 867 1220 omnibus
889 1152 1181 1239 impetrationibus
1204 1174 1225 1216 a
1246 1151 1323 1217 sede
1345 1156 1474 1239 aposto·

422 1262 493 1338 lica,
524 1257 708 1346 privilegiis
738 1262 772 1321 et
799 1255 941 1322 indultis
971 1255 1229 1341 quibuscunque,
1261 1254 1357 1320 nobis
1389 1275 1475 1320 oom-

424 1362 615 1452 petentibus
638 1365 672 1426 et
694 1358 938 1446 competituris;
961 1359 1011 1423 ita
1032 1357 1120 1443 quod
1143 1357 1265 1422 eisdem
1287 1357 1341 1422 vel
1363 1378 1474 1422 eorum

424 1467 534 1551 aliquo
556 1463 609 1530 uti
631 1484 699 1528 non
722 1461 910 1549 poterimus,
926 1461 963 1526 in
985 1464 1109 1526 eventu
1131 1481 1197 1546 quo
1219 1459 1309 1526 dicta
1330 1459 1475 1524 cantaria

426 1569 596 1635 subtracta
628 1565 728 1630 fuerit
761 1565 815 1631 vel
853 1562 997 1629 cessata.l
1050 1562 1179 1642 Postea,
1211 1561 1475 1648 comparentibus

427 1671 522 1737 nobis
543 1691 651 1736 coram
674 1666 804 1734 officiali
826 1666 924 1732 dictes
945 1667 1044 1731 curiae
1060 1665 1285 1744 Eboraeensis‚
1300 1665 1337 1730 in
1359 1663 1476 1750 majori

428 1773 561 1840 ecclesia
583 1771 728 1856 ejusdem
762 1791 821 1856 pro
853 1767 1016 1834 tribunali
1048 1768 1190 1844 sedente,
1214 1766 1301 1832 idem
1331 1765 1477 1832 officialis

429 1897 489 1940 nos
511 1875 554 1940 ad
584 1872 696 1939 omnia
725 1871 894 1958 praemissa
924 1871 960 1934 in
994 1870 1125 1957 scriptis
1159 1869 1291 1955 publice
1324 1869 1476 1935 oondem-

263 1987 410 2040 Oathtobe
430 1978 532 2044 navit
588 1974 786 2060 Capelianus
823 1977 945 2050 autem,
977 1973 1047 2037 siva
1081 1971 1244 2042 saeetilaffl
1281 1971 1382 2038 fuerit
1418 1975 1478 2037 aut

262 2055 386 2172 Ξξᾞῖ
431 2079 609 2167 religiosus,
632 2078 690 2164 qni
711 2076 755 2141 ad
778 2076 1008 2142 celebrandum
1023 2080 1057 2140 et
1078 2075 1264 2140 faciendum
1286 2075 1478 2162 obsequium

264 2187 324 2239 lain
363 2137 392 2184 p
430 2180 618 2268 hujusmodi
640 2200 780 2266 pernes
802 2179 856 2243 vel
879 2199 1075 2244 successores
1105 2182 1234 2243 nostros
1254 2176 1356 2243 fuerit
1378 2179 1478 2264 depu-

431 2290 530 2361 tatus,
553 2282 639 2347 infra
660 2281 784 2368 primos
806 2285 827 2344 8
851 2280 921 2344 dies
943 2302 964 2345 a
985 2284 1132 2366 tempore
1161 2280 1384 2366 deputationis
1410 2301 1479 2346 suae
1565 2317 1569 2322 ·

431 2384 661 2462 numerandos,
683 2405 791 2448 eoram
824 2382 947 2448 vicario
979 2383 1076 2449 ‹iictae
1103 2383 1245 2449 ecclesiae
1274 2384 1315 2448 de
1349 2383 1479 2470 Esyng·

431 2495 511 2554 tona
533 2492 568 2553 et
589 2485 735 2570 ejusdem
761 2485 902 2550 ecclesiae
931 2485 1145 2572 parochianis,
1168 2485 1278 2571 aliquo
1300 2485 1354 2550 die
1377 2485 1480 2550 domi·

432 2591 505 2656 nico
528 2589 583 2654 vel
612 2588 742 2666 festivo,
761 2587 989 2674 juramentum
1015 2587 1059 2652 ad
1086 2593 1201 2653 saneta
1222 2587 1287 2652 Dei
1310 2587 1480 2674 evangelia

433 2694 537 2758 faeere
559 2696 692 2757 tenatur
714 2695 748 2755 et
777 2694 933 2776 praestare
962 2690 1051 2775 quod
1073 2691 1188 2756 missas
1211 2696 1245 2756 et
1267 2689 1418 2770 officium,
1441 2695 1480 2756 ut

434 2795 658 2884 praemittitur,
681 2797 894 2874 mortuorum,
925 2797 998 2859 toto
1030 2798 1175 2880 tempore
1206 2814 1306 2859 morae
1333 2815 1409 2872 suae,
1433 2816 1481 2859 se-

434 2898 579 2964 cundum
600 2897 739 2962 formam
769 2896 984 2962 concessionis
1016 2900 1137 2962 nostras
1167 2896 1370 2983 supradictae,
1401 2897 1480 2962 iide-

434 3001 510 3068 liter
531 3001 630 3066 faciet
651 3005 685 3066 et
706 2999 893 3078 celebrabit,
914 3000 979 3064 nisi
1003 3021 1045 3063 ex
1066 2999 1303 3086 impedimento
1326 3001 1480 3066 canonico

269 3121 386 3171 Thalea-
434 3106 543 3192 ipsum
564 3104 675 3190 ah'quo
698 3103 751 3168 die
774 3102 950 3189 contigerit
975 3101 1137 3188 impediri.
1183 3103 1316 3169 Interea
1338 3105 1480 3191 quidem,

268 3186 373 3317 m*
434 3229 509 3274 oum
531 3230 618 3294 aqua
640 3205 815 3271 Humbriae
836 3211 959 3271 terram
983 3209 1131 3270 nostram
1154 3206 1195 3272 de
1218 3207 1482 3296 Tharlesthorpia

268 3333 412 3398 floodedby
434 3333 588 3398 persnas
607 3309 841 3375 inundationes
870 3307 1048 3373 fluctuosae
1078 3309 1276 3389 devastaret,
1301 3316 1335 3376 et
1357 3333 1417 3376 nos
1439 3313 1482 3388 sd

269 3401 313 3517 ἓξ
323 3400 404 3450 Hum-
435 3412 710 3479 sustentationem
725 3416 759 3476 et
773 3411 1014 3496 reparationem
1028 3411 1174 3497 riparum
1194 3413 1340 3500 ipsarum
1360 3419 1483 3480 terram

313 3505 319 3517 ⁸
436 3521 584 3582 nostram
606 3521 641 3580 et
663 3521 767 3579 terras
789 3513 913 3578 alienas
943 3536 963 3578 a
993 3521 1087 3603 parte
1116 3515 1267 3582 interiori
1297 3519 1483 3604 adjacentes

437 3618 688 3696 defensantium,
733 3616 804 3681 sine
848 3615 1012 3702 adjutorio
1051 3618 1158 3684 alieno
1194 3625 1275 3685 tunc
1320 3621 1483 3707 temporis,

438 3725 572 3808 propter
593 3719 681 3783 mala
702 3718 768 3782 alia
782 3717 878 3784 nobis
900 3719 1116 3799 imminentia,
1132 3721 1327 3788 sufficientes
1349 3724 1484 3788 minime

438 3819 648 3900 videremur,²
669 3822 781 3887 conati
811 3843 922 3886 sumus
952 3823 988 3886 in
1014 3823 1111 3910 pleno
1141 3826 1347 3912 wapentagio
1369 3849 1390 3890 a
1411 3848 1484 3912 pos·

439 3925 617 3992 sessoribus
654 3929 817 3989 terrarum
855 3925 952 3990 dictes
983 3932 1079 3990 terrae
1113 3932 1234 3994 nostrae
1265 3929 1484 4014 adjacentium

381 4043 388 4060 ·
439 4028 600 4093 auxilium
634 4028 669 4091 in
707 4026 928 4093 defensionem
960 4032 1124 4094 terrarum
1161 4036 1348 4097 nostrarum
1385 4037 1487 4119 atque

440 4152 575 4196 suarum
597 4129 768 4216 postulare.
815 4129 879 4195 Sed
901 4130 965 4216 ipsi
981 4137 1213 4198 concernentes
1228 4135 1358 4200 easdem
1379 4140 1487 4202 terras

441 4237 571 4298 nostras
601 4232 797 4297 exterminio
828 4233 1072 4318 irrecuperabili
1103 4235 1299 4320 proximare,
1330 4242 1419 4303 terra
1452 4245 1487 4304 et

476 4550 483 4582 ¹
502 4550 578 4600 Ater
588 4555 685 4598 cessato
697 4547 782 4607 insert,
794 4555 822 4597 ut
833 4546 943 4612 premit·
986 4555 1085 4600 nostras
1096 4550 1266 4616 dirumpentes
1279 4559 1304 4602 et
1314 4568 1360 4618 per
1371 4555 1444 4606 villas
1455 4559 1487 4606 de

443 4630 504 4682 titur
518 4631 551 4680 ab
562 4631 658 4688 eodem,
669 4628 699 4679 P.
986 4629 1197 4696 Tharlesthorpia
1214 4640 1239 4682 et
1253 4633 1405 4698 anmersk
1421 4637 1487 4688 ultra

477 4711 488 4739 ²
503 4709 578 4760 Astur
589 4710 723 4758 videremur
731 4707 817 4768 insert,
829 4715 886 4771 poet
894 4707 942 4758 im·
963 4748 966 4811 Ι
987 4709 1091 4761 solitum
1101 4710 1262 4774 fiuctuantes,
1272 4713 1303 4764 P.

444 4795 569 4855 petrosae!
585 4785 768 4848 mundatones,
784 4786 852 4850 ipsas
875 4787 943 4850 ripas
