3578 5874
494 906 632 958 rsonae
653 908 764 958 sssss
786 909 903 958 rosus
926 909 1085 960 cccmus.
1244 896 1308 958 253

263 1081 349 1166 regis
373 1081 607 1162 thesaurarius,
631 1089 666 1148 et
700 1083 757 1148 alii
789 1085 875 1170 regis
897 1083 1085 1162 consiliarii,
1107 1104 1206 1170 super
1226 1091 1390 1169 prae-AJ).
1404 1101 1466 1148 raes

261 1183 369 1248 missis
401 1183 653 1249 allocationibus
689 1208 748 1272 pro
781 1186 1084 1273 consumptionibus
1110 1184 1309 1272 praescriptis
1321 1166 1412 1214 '¹³⁹⁹'

261 1284 368 1349 indies
398 1285 617 1370 pulsarentur,
657 1292 690 1352 et
727 1293 802 1353 tote
835 1289 995 1353 medietas
1033 1289 1166 1354 decima
1200 1289 1309 1373 ipsum

262 1386 416 1452 abbatem
453 1393 604 1454 nostrum
646 1389 835 1477 antiquitus
869 1412 1065 1456 concernens
1102 1389 1206 1454 levari
1242 1409 1309 1453 non

263 1489 398 1556 deberet
428 1497 544 1556 contra
577 1491 716 1557 formam
748 1499 783 1558 et
805 1497 951 1558 tenorem
974 1492 1204 1578 exceptionum
1227 1513 1309 1577 prse-

263 1591 444 1671 misssrnm
460 1594 671 1659 cancellarius
693 1600 727 1660 et
742 1595 966 1660 thesaurarius
980 1594 1168 1682 supradicti,
1184 1593 1311 1680 prolato

266 1698 300 1759 et
323 1694 470 1782 inspecto
492 1695 580 1761 dicto
603 1696 831 1762 certificatorio
854 1697 1068 1762 concessionis
1090 1700 1125 1761 et
1146 1695 1310 1781 exceptio-

266 1817 347 1860 num
379 1796 567 1862 medietatis
599 1797 732 1864 decimae
769 1799 975 1886 supradictae,
1009 1802 1174 1884 comperto
1211 1797 1311 1862 etiam

264 1919 322 1984 per
345 1897 471 1963 dictum
493 1899 757 1964 certificatorium
783 1901 872 1986 quod
889 1901 1097 1988 exceptiones
1112 1900 1192 1986 ipsse
1215 1899 1311 1965 factae

263 2000 396 2066 fuerant
427 2001 468 2066 de
502 2002 600 2068 terris
632 2011 666 2068 et
699 2003 958 2088 possessionibus
991 2007 1124 2068 tantum
1147 2025 1206 2090 per
1227 2002 1312 2067 allu·
1393 2033 1395 2037 ·

263 2101 378 2168 viones
408 2103 517 2182 maris,
551 2125 647 2189 aquea
680 2104 864 2184 Humbriae,
896 2110 930 2171 et
963 2104 1102 2170 aliorum
1133 2105 1311 2170 fluviorum

263 2205 300 2270 in
324 2205 543 2271 Holdernesse
574 2207 786 2293 consumptis,
808 2229 867 2294 pro
897 2207 1098 2294 praescriptis
1123 2207 1310 2294 temporali-

267 2308 329 2372 bus
364 2312 497 2372 tcntum
529 2309 721 2374 monasterii
755 2309 870 2388 nostri,
906 2315 944 2374 ut
977 2308 1042 2374 sibi
1073 2309 1251 2400 dicebatur,
1265 2309 1311 2396 'iu

265 2407 353 2473 villis
368 2407 408 2474 de
432 2408 695 2496 Tharlesthorpe,
713 2410 907 2495 Wythfleet,
924 2409 1129 2496 Frysmersk,
1146 2409 1312 2474 Ravense-

264 2510 332 2590 rod,
357 2509 502 2600 Saltagh‚
539 2511 750 2596 Dymeltona,
783 2511 995 2599 Grymstona,
1026 2510 1310 2590 Homesburtona,

264 2618 299 2677 et
322 2612 472 2698 Drypule
493 2619 628 2678 tantum
651 2614 688 2678 in
710 2614 931 2681 Holderncsse
953 2614 1163 2700 consumptis,
1179 2614 1312 2679 allocari

264 2713 412 2780 lecerunt
444 2715 533 2780 dicto
567 2717 669 2802 priori
696 2717 847 2782 Wartrioe
878 2739 976 2803 super
1010 2721 1162 2802 compoto
1194 2738 1251 2782 suo
1278 2739 1309 2781 x.

265 2816 374 2895 libras,
398 2816 433 2901 ij.
452 2817 581 2895 solidos,
602 2840 633 2882 x„
649 2818 808 2897 denarios,
824 2818 966 2897 obolum,
980 2819 1214 2884 monasterium
1238 2839 1312 2882 nos·

264 2925 354 2984 trum
378 2925 618 2998 concernentes,
632 2920 845 3007 induciasque
868 2920 984 2986 abbati
999 2921 1191 2986 monasterii
1207 2921 1311 2985 nostri

265 3042 362 3106 super
394 3020 556 3086 solutione
592 3026 651 3086 aut
683 3021 875 3087 allocutione
909 3022 1054 3108 ipsorum
1086 3043 1117 3085 rc
1144 3020 1311 3098 librarum,

265 3123 298 3206 ij.
322 3122 510 3204 solidorum,
534 3145 567 3188 x.
592 3123 809 3202 denariorum,
833 3123 931 3204 oboli,
955 3124 997 3188 ad
1027 3127 1157 3209 tempus
1183 3145 1311 3188 conces·

266 3229 401 3304 serunt;
432 3247 601 3312 quousque
633 3227 761 3290 virtute
784 3226 894 3292 brevis
916 3225 1000 3312 regii
1022 3225 1244 3311 inquireretur
1269 3225 1310 3290 de

266 3329 313 3394 rei
334 3329 477 3394 veritate
499 3351 595 3416 super
626 3329 931 3416 consumptionibus
962 3329 1100 3415 singulis
1121 3328 1310 3414 proelibatis

266 3431 330 3496 Pro
367 3431 594 3517 spiritualibus
631 3437 744 3498 autem
776 3432 907 3512 nostris,
940 3437 980 3497 ut
1016 3430 1310 3517 praetendebamus,
1324 3435 1443 3486 'l'heoffi-

255 3534 419 3600 similiter
452 3536 662 3622 consumptis,
699 3557 756 3622 pro
789 3535 910 3621 quibus
943 3534 1044 3599 abbae
1078 3538 1190 3599 noster
1212 3534 1312 3620 petiit
1324 3503 1469 3634 {2223}ss

266 3637 495 3702 allocutionem
527 3637 568 3702 de
602 3637 683 3721 xlvj.
708 3637 829 3716 solidis,
852 3636 920 3722 viij.
945 3637 1096 3715 denariis,
1121 3636 1162 3700 de
1192 3636 1442 3701 medie-refluet

268 3743 339 3804 tate
370 3738 505 3804 decimae
539 3738 745 3825 supradictae,
769 3739 898 3825 praefati
930 3738 1142 3804 cancellarius
1173 3743 1207 3804 et
1238 3737 1310 3804 the·
1323 3703 1466 3820 illl’gmffnt

267 3841 432 3906 saurarius
454 3840 537 3904 nihil
569 3863 628 3927 pro
659 3847 740 3908 tunc
762 3842 928 3906 duxerant
950 3840 1045 3907 nobis
1067 3840 1213 3920 allocare,
1238 3863 1310 3906 cnm
1323 3835 1473 3915 suspiritu·

266 3965 372 4029 neque
410 3943 598 4030 spiritualia
641 3965 749 4029 neque
787 3943 1053 4029 consumptiones
1090 3948 1310 4027 proventuum
1323 3902 1475 4021 ,ligiam

267 4044 489 4134 spiritualium
528 4049 588 4110 aut
625 4045 832 4110 ecclesiarum
869 4045 906 4108 in
947 4045 1027 4132 ipsis
1065 4045 1311 4131 exceptionibus

267 4147 452 4234 specialiter
474 4146 615 4212 fuissent
645 4153 842 4233 expressata,
867 4168 927 4212 nec
950 4147 1011 4212 sub
1034 4145 1223 4232 hujusmodi
1246 4153 1313 4212 ter·

267 4249 366 4313 minis
389 4255 552 4314 terrarum
587 4253 622 4314 et
652 4248 890 4336 possessionum
922 4249 1110 4335 spiritualia
1131 4249 1241 4335 aliqua
1263 4249 1313 4313 in-

266 4350 373 4438 telligi
399 4350 564 4428 deberent,
600 4373 707 4437 neque
738 4351 875 4416 fuerunt
908 4351 1117 4436 aliquatenus
1148 4357 1312 4419 consueta

268 4452 371 4519 Facta
386 4475 472 4540 ergo,
487 4459 527 4519 ut
541 4453 765 4539 praemittitur,
790 4454 877 4518 dicto
893 4454 993 4541 priori
1008 4453 1049 4519 de
1065 4454 1212 4518 Wartriu
1234 4453 1313 4518 allo-

268 4555 397 4621 catione
419 4578 451 4621 x,
474 4555 642 4633 librarum,
666 4555 699 4641 ij.
722 4554 909 4633 solidorum,
931 4578 962 4620 x.
979 4556 1197 4632 denariorum,
1214 4553 1313 4636 oboli,

266 4657 540 4745 prescriptorum,
562 4679 636 4723 cum
661 4657 732 4742 jam
764 4655 863 4724 breve
894 4679 1080 4723 concessum
1104 4658 1144 4722 de
1174 4658 1481 4743 inquiri-Inquiryin-

266 4761 357 4826 tione
390 4760 677 4848 consumptionum
704 4761 945 4846 praemissarum
974 4760 1014 4824 de
1037 4758 1232 4824 cancellaria
1254 4741 1481 4872 auttlympollddcs

266 4863 425 4930 scaccario
457 4861 583 4928 domini
614 4861 702 4948 regis
731 4883 790 4948 pro
822 4865 916 4948 parte
947 4867 1064 4927 nostra
1089 4861 1312 4949 recipiendum
1325 4879 1419 4924 events
