<?xml version="1.0" encoding="UTF-8"?>
<!DOCTYPE html PUBLIC "-//W3C//DTD XHTML 1.0 Transitional//EN"
    "http://www.w3.org/TR/xhtml1/DTD/xhtml1-transitional.dtd">
<html xmlns="http://www.w3.org/1999/xhtml" xml:lang="en" lang="en">
 <head>
  <title>
</title>
<meta http-equiv="Content-Type" content="text/html;charset=utf-8" />
  <meta name='ocr-system' content='tesseract 3.04.00' />
  <meta name='ocr-capabilities' content='ocr_page ocr_carea ocr_par ocr_line ocrx_word'/>
</head>
<body>
  <div class='ocr_page' id='page_1' title='image "./chronicamonaste01thomgoog_0401.png"; bbox 0 0 3538 5860; ppageno 0'>
   <div class='ocr_carea' id='block_1_1' title="bbox 497 883 1280 950">
    <p class='ocr_par' dir='ltr' id='par_1_1' title="bbox 497 883 1280 950">
     <span class='ocr_line' id='line_1_1' title="bbox 497 883 1280 950; baseline -0.003 -2"><span class='ocrx_word' id='word_1_1' title='bbox 497 895 698 948; x_wconf 55' lang='lat' dir='ltr'>mutnus</span> <span class='ocrx_word' id='word_1_2' title='bbox 720 893 828 948; x_wconf 76' lang='lat' dir='ltr'>mass</span> <span class='ocrx_word' id='word_1_3' title='bbox 850 895 1041 948; x_wconf 80' lang='lat' dir='ltr'>morsurus.</span> <span class='ocrx_word' id='word_1_4' title='bbox 1221 883 1280 950; x_wconf 76' lang='lat'>291</span> 
     </span>
    </p>
   </div>
   <div class='ocr_carea' id='block_1_2' title="bbox 241 1062 1459 4435">
    <p class='ocr_par' dir='ltr' id='par_1_2' title="bbox 243 1062 1453 1461">
     <span class='ocr_line' id='line_1_2' title="bbox 243 1062 1453 1155; baseline 0.009 -28"><span class='ocrx_word' id='word_1_5' title='bbox 243 1062 333 1128; x_wconf 85' lang='lat' dir='ltr'>inter</span> <span class='ocrx_word' id='word_1_6' title='bbox 353 1065 496 1144; x_wconf 87' lang='lat' dir='ltr'>recorda,</span> <span class='ocrx_word' id='word_1_7' title='bbox 521 1075 556 1130; x_wconf 88' lang='lat' dir='ltr'>et</span> <span class='ocrx_word' id='word_1_8' title='bbox 578 1087 637 1152; x_wconf 90' lang='lat' dir='ltr'>per</span> <span class='ocrx_word' id='word_1_9' title='bbox 658 1066 804 1146; x_wconf 83' lang='lat' dir='ltr'>barones,</span> <span class='ocrx_word' id='word_1_10' title='bbox 827 1088 866 1133; x_wconf 85' lang='lat' dir='ltr'>oc</span> <span class='ocrx_word' id='word_1_11' title='bbox 887 1074 1019 1155; x_wconf 84' lang='lat' dir='ltr'>accepta</span> <span class='ocrx_word' id='word_1_12' title='bbox 1032 1089 1090 1154; x_wconf 87' lang='lat' dir='ltr'>per</span> <span class='ocrx_word' id='word_1_13' title='bbox 1105 1065 1286 1133; x_wconf 88' lang='lat' dir='ltr'>Robertum</span> <span class='ocrx_word' id='word_1_14' title='bbox 1299 1085 1366 1137; x_wconf 74' lang='lat' dir='ltr'>nn.</span> <span class='ocrx_word' id='word_1_15' title='bbox 1381 1091 1453 1138; x_wconf 80' lang='lat'>1401.</span> 
     </span>
     <span class='ocr_line' id='line_1_3' title="bbox 244 1163 1441 1257; baseline 0.002 -25"><span class='ocrx_word' id='word_1_16' title='bbox 244 1163 427 1253; x_wconf 76' lang='lat' dir='ltr'>Tyrwhyto</span> <span class='ocrx_word' id='word_1_17' title='bbox 463 1167 678 1248; x_wconf 89' lang='lat' dir='ltr'>antedictum,</span> <span class='ocrx_word' id='word_1_18' title='bbox 718 1173 866 1236; x_wconf 88' lang='lat' dir='ltr'>statutus</span> <span class='ocrx_word' id='word_1_19' title='bbox 903 1175 953 1236; x_wconf 86' lang='lat' dir='ltr'>est</span> <span class='ocrx_word' id='word_1_20' title='bbox 991 1171 1060 1236; x_wconf 88' lang='lat' dir='ltr'>dies</span> <span class='ocrx_word' id='word_1_21' title='bbox 1097 1169 1287 1257; x_wconf 88' lang='lat' dir='ltr'>inquirendi</span> <span class='ocrx_word' id='word_1_22' title='bbox 1299 1163 1441 1246; x_wconf 57' lang='lat' dir='ltr'>Heracon</span> 
     </span>
     <span class='ocr_line' id='line_1_4' title="bbox 244 1231 1452 1360; baseline 0.004 -28"><span class='ocrx_word' id='word_1_23' title='bbox 244 1287 341 1354; x_wconf 87' lang='lat' dir='ltr'>super</span> <span class='ocrx_word' id='word_1_24' title='bbox 362 1270 546 1356; x_wconf 69' lang='lat' dir='ltr'>premissis,</span> <span class='ocrx_word' id='word_1_25' title='bbox 569 1271 657 1358; x_wconf 86' lang='lat' dir='ltr'>apud</span> <span class='ocrx_word' id='word_1_26' title='bbox 677 1271 900 1350; x_wconf 75' lang='lat' dir='ltr'>Bcverlacum</span> <span class='ocrx_word' id='word_1_27' title='bbox 923 1271 1006 1338; x_wconf 81' lang='lat' dir='ltr'>feria</span> <span class='ocrx_word' id='word_1_28' title='bbox 1027 1273 1168 1339; x_wconf 79' lang='lat' dir='ltr'>secirnda</span> <span class='ocrx_word' id='word_1_29' title='bbox 1189 1231 1425 1360; x_wconf 60' lang='lat' dir='ltr'>prox-‘’f&#39;m&#39;</span> <span class='ocrx_word' id='word_1_30' title='bbox 1449 1257 1452 1266; x_wconf 72' lang='grc'><strong>’</strong></span> 
     </span>
     <span class='ocr_line' id='line_1_5' title="bbox 243 1368 1288 1461; baseline 0.006 -27"><span class='ocrx_word' id='word_1_31' title='bbox 243 1368 312 1436; x_wconf 86' lang='lat' dir='ltr'>ima</span> <span class='ocrx_word' id='word_1_32' title='bbox 333 1377 408 1459; x_wconf 89' lang='lat' dir='ltr'>post</span> <span class='ocrx_word' id='word_1_33' title='bbox 429 1372 550 1438; x_wconf 88' lang='lat' dir='ltr'>festum</span> <span class='ocrx_word' id='word_1_34' title='bbox 573 1372 775 1440; x_wconf 77' lang='lat' dir='ltr'>Natiuitatis</span> <span class='ocrx_word' id='word_1_35' title='bbox 798 1373 912 1440; x_wconf 76' lang='lat' dir='ltr'>Beate</span> <span class='ocrx_word' id='word_1_36' title='bbox 935 1375 1059 1442; x_wconf 82' lang='lat' dir='ltr'>Mariae.</span> <span class='ocrx_word' id='word_1_37' title='bbox 1112 1376 1168 1441; x_wconf 79' lang='lat' dir='ltr'>Ad</span> <span class='ocrx_word' id='word_1_38' title='bbox 1190 1395 1288 1461; x_wconf 89' lang='lat' dir='ltr'>quem</span> 
     </span>
    </p>

    <p class='ocr_par' dir='ltr' id='par_1_3' title="bbox 244 1471 1288 1562">
     <span class='ocr_line' id='line_1_6' title="bbox 244 1471 1288 1562; baseline 0.003 -24"><span class='ocrx_word' id='word_1_39' title='bbox 244 1471 339 1552; x_wconf 82' lang='lat' dir='ltr'>diem,</span> <span class='ocrx_word' id='word_1_40' title='bbox 363 1494 437 1542; x_wconf 89' lang='lat' dir='ltr'>oum</span> <span class='ocrx_word' id='word_1_41' title='bbox 463 1474 571 1561; x_wconf 85' lang='lat' dir='ltr'>jurati</span> <span class='ocrx_word' id='word_1_42' title='bbox 602 1475 639 1541; x_wconf 91' lang='lat' dir='ltr'>in</span> <span class='ocrx_word' id='word_1_43' title='bbox 670 1475 846 1562; x_wconf 78' lang='lat' dir='ltr'>praemissis</span> <span class='ocrx_word' id='word_1_44' title='bbox 876 1478 995 1543; x_wconf 87' lang='lat' dir='ltr'>incerti</span> <span class='ocrx_word' id='word_1_45' title='bbox 1017 1477 1168 1560; x_wconf 70' lang='lat' dir='ltr'>dissent,</span> <span class='ocrx_word' id='word_1_46' title='bbox 1189 1477 1288 1543; x_wconf 84' lang='lat' dir='ltr'>indu-</span> 
     </span>
    </p>

    <p class='ocr_par' dir='ltr' id='par_1_4' title="bbox 244 1574 1288 1666">
     <span class='ocr_line' id='line_1_7' title="bbox 244 1574 1288 1666; baseline 0.002 -25"><span class='ocrx_word' id='word_1_47' title='bbox 244 1574 311 1640; x_wconf 84' lang='lat' dir='ltr'>cias</span> <span class='ocrx_word' id='word_1_48' title='bbox 344 1576 422 1642; x_wconf 90' lang='lat' dir='ltr'>iude</span> <span class='ocrx_word' id='word_1_49' title='bbox 453 1577 658 1644; x_wconf 88' lang='lat' dir='ltr'>deliberandi</span> <span class='ocrx_word' id='word_1_50' title='bbox 688 1579 865 1666; x_wconf 87' lang='lat' dir='ltr'>petierunt.</span> <span class='ocrx_word' id='word_1_51' title='bbox 911 1579 1011 1646; x_wconf 84' lang='lat' dir='ltr'>Unde</span> <span class='ocrx_word' id='word_1_52' title='bbox 1048 1580 1149 1646; x_wconf 91' lang='lat' dir='ltr'>iidem</span> <span class='ocrx_word' id='word_1_53' title='bbox 1181 1579 1288 1665; x_wconf 84' lang='lat' dir='ltr'>jurati</span> 
     </span>
    </p>

    <p class='ocr_par' dir='ltr' id='par_1_5' title="bbox 243 1679 1288 1770">
     <span class='ocr_line' id='line_1_8' title="bbox 243 1679 1288 1770; baseline 0.002 -26"><span class='ocrx_word' id='word_1_54' title='bbox 243 1699 341 1744; x_wconf 87' lang='lat' dir='ltr'>suum</span> <span class='ocrx_word' id='word_1_55' title='bbox 366 1679 564 1748; x_wconf 85' lang='lat' dir='ltr'>veridictum</span> <span class='ocrx_word' id='word_1_56' title='bbox 590 1701 698 1747; x_wconf 84' lang='lat' dir='ltr'>corani</span> <span class='ocrx_word' id='word_1_57' title='bbox 722 1683 859 1770; x_wconf 69' lang='lat' dir='ltr'>praefato</span> <span class='ocrx_word' id='word_1_58' title='bbox 883 1681 1039 1760; x_wconf 86' lang='lat' dir='ltr'>Roberto,</span> <span class='ocrx_word' id='word_1_59' title='bbox 1061 1683 1150 1770; x_wconf 88' lang='lat' dir='ltr'>apud</span> <span class='ocrx_word' id='word_1_60' title='bbox 1165 1682 1288 1769; x_wconf 82' lang='lat' dir='ltr'>Wagh·</span> 
     </span>
    </p>

    <p class='ocr_par' dir='ltr' id='par_1_6' title="bbox 243 1781 1288 1869">
     <span class='ocr_line' id='line_1_9' title="bbox 243 1781 1288 1869; baseline 0.005 -23"><span class='ocrx_word' id='word_1_61' title='bbox 243 1801 328 1860; x_wconf 82' lang='lat' dir='ltr'>narn,</span> <span class='ocrx_word' id='word_1_62' title='bbox 364 1781 401 1848; x_wconf 91' lang='lat' dir='ltr'>in</span> <span class='ocrx_word' id='word_1_63' title='bbox 434 1782 551 1869; x_wconf 78' lang='lat' dir='ltr'>vigilia</span> <span class='ocrx_word' id='word_1_64' title='bbox 582 1783 697 1850; x_wconf 86' lang='lat' dir='ltr'>Sancti</span> <span class='ocrx_word' id='word_1_65' title='bbox 732 1783 911 1864; x_wconf 74' lang='lat' dir='ltr'><strong>Michaelis,</strong></span> <span class='ocrx_word' id='word_1_66' title='bbox 949 1785 1027 1849; x_wconf 90' lang='lat' dir='ltr'>inde</span> <span class='ocrx_word' id='word_1_67' title='bbox 1064 1783 1288 1852; x_wconf 86' lang='lat' dir='ltr'>reddiderunt.</span> 
     </span>
    </p>

    <p class='ocr_par' dir='ltr' id='par_1_7' title="bbox 241 1882 1456 2483">
     <span class='ocr_line' id='line_1_10' title="bbox 243 1882 1442 1973; baseline -0.004 -26"><span class='ocrx_word' id='word_1_68' title='bbox 243 1882 298 1948; x_wconf 86' lang='lat' dir='ltr'>Ad</span> <span class='ocrx_word' id='word_1_69' title='bbox 320 1885 494 1970; x_wconf 86' lang='lat' dir='ltr'>praefixum</span> <span class='ocrx_word' id='word_1_70' title='bbox 517 1907 594 1972; x_wconf 85' lang='lat' dir='ltr'>ergo</span> <span class='ocrx_word' id='word_1_71' title='bbox 618 1886 705 1952; x_wconf 88' lang='lat' dir='ltr'>diem</span> <span class='ocrx_word' id='word_1_72' title='bbox 728 1907 782 1952; x_wconf 84' lang='lat' dir='ltr'>xv.</span> <span class='ocrx_word' id='word_1_73' title='bbox 806 1885 922 1952; x_wconf 83' lang='lat' dir='ltr'>Sancti</span> <span class='ocrx_word' id='word_1_74' title='bbox 949 1886 1116 1950; x_wconf 85' lang='lat' dir='ltr'>Michaelis</span> <span class='ocrx_word' id='word_1_75' title='bbox 1138 1886 1289 1972; x_wconf 86' lang='lat' dir='ltr'>proximo</span> <span class='ocrx_word' id='word_1_76' title='bbox 1301 1894 1400 1973; x_wconf 75' lang='lat' dir='ltr'>Retqrn</span> <span class='ocrx_word' id='word_1_77' title='bbox 1412 1894 1442 1972; x_wconf 69' lang='lat' dir='ltr'>pf</span> 
     </span>
     <span class='ocr_line' id='line_1_11' title="bbox 243 1961 1456 2084; baseline 0.002 -35"><span class='ocrx_word' id='word_1_78' title='bbox 243 1985 321 2052; x_wconf 88' lang='lat' dir='ltr'>inde</span> <span class='ocrx_word' id='word_1_79' title='bbox 342 1992 544 2072; x_wconf 73' lang='lat' dir='ltr'><strong>sequentem,</strong></span> <span class='ocrx_word' id='word_1_80' title='bbox 578 1989 635 2074; x_wconf 91' lang='lat' dir='ltr'>qni</span> <span class='ocrx_word' id='word_1_81' title='bbox 669 1987 771 2053; x_wconf 88' lang='lat' dir='ltr'>etiam</span> <span class='ocrx_word' id='word_1_82' title='bbox 803 1988 881 2070; x_wconf 88' lang='lat' dir='ltr'>dies,</span> <span class='ocrx_word' id='word_1_83' title='bbox 916 1992 956 2053; x_wconf 92' lang='lat' dir='ltr'>ut</span> <span class='ocrx_word' id='word_1_84' title='bbox 986 1986 1168 2074; x_wconf 67' lang='lat' dir='ltr'>prefertur,</span> <span class='ocrx_word' id='word_1_85' title='bbox 1191 1961 1456 2084; x_wconf 58' lang='lat' dir='ltr'>datusfflffil&#39;</span> 
     </span>
     <span class='ocr_line' id='line_1_12' title="bbox 244 2089 1428 2177; baseline 0 -23"><span class='ocrx_word' id='word_1_86' title='bbox 244 2092 294 2154; x_wconf 86' lang='lat' dir='ltr'>est</span> <span class='ocrx_word' id='word_1_87' title='bbox 318 2089 433 2154; x_wconf 87' lang='lat' dir='ltr'>abbati</span> <span class='ocrx_word' id='word_1_88' title='bbox 455 2093 578 2168; x_wconf 87' lang='lat' dir='ltr'>nostro,</span> <span class='ocrx_word' id='word_1_89' title='bbox 609 2091 787 2177; x_wconf 86' lang='lat' dir='ltr'>praedictus</span> <span class='ocrx_word' id='word_1_90' title='bbox 817 2090 981 2156; x_wconf 85' lang='lat' dir='ltr'>Robertus</span> <span class='ocrx_word' id='word_1_91' title='bbox 1003 2090 1185 2177; x_wconf 79' lang='lat' dir='ltr'>Tyrwhyte</span> <span class='ocrx_word' id='word_1_92' title='bbox 1207 2089 1289 2155; x_wconf 85' lang='lat' dir='ltr'>libe·</span> <span class='ocrx_word' id='word_1_93' title='bbox 1302 2094 1428 2144; x_wconf 69' lang='lat' dir='ltr'>chasma</span> 
     </span>
     <span class='ocr_line' id='line_1_13' title="bbox 241 2166 1372 2280; baseline 0.002 -24"><span class='ocrx_word' id='word_1_94' title='bbox 241 2190 331 2256; x_wconf 85' lang='lat' dir='ltr'>ravit</span> <span class='ocrx_word' id='word_1_95' title='bbox 352 2193 389 2260; x_wconf 91' lang='lat' dir='ltr'>in</span> <span class='ocrx_word' id='word_1_96' title='bbox 411 2193 569 2279; x_wconf 70' lang='lat' dir='ltr'>predicto</span> <span class='ocrx_word' id='word_1_97' title='bbox 593 2194 751 2259; x_wconf 70' lang='lat' dir='ltr'>scaccario</span> <span class='ocrx_word' id='word_1_98' title='bbox 775 2193 902 2258; x_wconf 89' lang='lat' dir='ltr'>domini</span> <span class='ocrx_word' id='word_1_99' title='bbox 924 2194 1010 2280; x_wconf 84' lang='lat' dir='ltr'>regis</span> <span class='ocrx_word' id='word_1_100' title='bbox 1031 2191 1289 2260; x_wconf 84' lang='lat' dir='ltr'>commissionem</span> <span class='ocrx_word' id='word_1_101' title='bbox 1302 2166 1372 2212; x_wconf 52' lang='grc' dir='ltr'>Μ’</span> 
     </span>
     <span class='ocr_line' id='line_1_14' title="bbox 241 2295 1288 2382; baseline 0.002 -22"><span class='ocrx_word' id='word_1_102' title='bbox 241 2295 421 2381; x_wconf 70' lang='lat' dir='ltr'>praefatam,</span> <span class='ocrx_word' id='word_1_103' title='bbox 456 2318 524 2361; x_wconf 89' lang='lat' dir='ltr'>una</span> <span class='ocrx_word' id='word_1_104' title='bbox 556 2317 631 2362; x_wconf 90' lang='lat' dir='ltr'>cum</span> <span class='ocrx_word' id='word_1_105' title='bbox 663 2296 879 2382; x_wconf 76' lang='lat' dir='ltr'>inquisitione</span> <span class='ocrx_word' id='word_1_106' title='bbox 909 2296 988 2362; x_wconf 91' lang='lat' dir='ltr'>inde</span> <span class='ocrx_word' id='word_1_107' title='bbox 1010 2301 1106 2382; x_wconf 84' lang='lat' dir='ltr'>capta</span> <span class='ocrx_word' id='word_1_108' title='bbox 1128 2301 1161 2361; x_wconf 87' lang='lat' dir='ltr'>et</span> <span class='ocrx_word' id='word_1_109' title='bbox 1184 2295 1288 2362; x_wconf 88' lang='lat' dir='ltr'>eidem</span> 
     </span>
     <span class='ocr_line' id='line_1_15' title="bbox 243 2395 1330 2483; baseline 0 -21"><span class='ocrx_word' id='word_1_110' title='bbox 243 2403 389 2476; x_wconf 82' lang='lat' dir='ltr'>consuta,</span> <span class='ocrx_word' id='word_1_111' title='bbox 405 2399 596 2466; x_wconf 85' lang='lat' dir='ltr'>continente</span> <span class='ocrx_word' id='word_1_112' title='bbox 612 2399 775 2464; x_wconf 89' lang='lat' dir='ltr'>dictorum</span> <span class='ocrx_word' id='word_1_113' title='bbox 791 2399 847 2483; x_wconf 88' lang='lat' dir='ltr'>xij.</span> <span class='ocrx_word' id='word_1_114' title='bbox 866 2397 1055 2483; x_wconf 85' lang='lat' dir='ltr'>juratorum</span> <span class='ocrx_word' id='word_1_115' title='bbox 1070 2395 1290 2462; x_wconf 85' lang='lat' dir='ltr'>veridictum.¹</span> <span class='ocrx_word' id='word_1_116' title='bbox 1327 2439 1330 2443; x_wconf 93' lang='lat'><em>-</em></span> 
     </span>
    </p>

    <p class='ocr_par' dir='ltr' id='par_1_8' title="bbox 244 2499 1449 3100">
     <span class='ocr_line' id='line_1_16' title="bbox 245 2499 1449 2587; baseline 0.002 -23"><span class='ocrx_word' id='word_1_117' title='bbox 245 2499 311 2579; x_wconf 82' lang='lat' dir='ltr'>Qui</span> <span class='ocrx_word' id='word_1_118' title='bbox 343 2499 501 2566; x_wconf 83' lang='lat' dir='ltr'>dlxenmt</span> <span class='ocrx_word' id='word_1_119' title='bbox 535 2523 632 2587; x_wconf 89' lang='lat' dir='ltr'>super</span> <span class='ocrx_word' id='word_1_120' title='bbox 663 2504 903 2566; x_wconf 85' lang='lat' dir='ltr'>sacramentum</span> <span class='ocrx_word' id='word_1_121' title='bbox 937 2521 1033 2566; x_wconf 86' lang='lat' dir='ltr'>suum</span> <span class='ocrx_word' id='word_1_122' title='bbox 1068 2499 1156 2586; x_wconf 93' lang='lat' dir='ltr'>quod</span> <span class='ocrx_word' id='word_1_123' title='bbox 1190 2499 1291 2564; x_wconf 84' lang='lat' dir='ltr'>abbae</span> <span class='ocrx_word' id='word_1_124' title='bbox 1303 2516 1449 2568; x_wconf 71' lang='lat' dir='ltr'>Vescinos</span> 
     </span>
     <span class='ocr_line' id='line_1_17' title="bbox 244 2599 1416 2714; baseline 0.001 -48"><span class='ocrx_word' id='word_1_125' title='bbox 244 2602 435 2668; x_wconf 84' lang='lat' dir='ltr'>monasterii</span> <span class='ocrx_word' id='word_1_126' title='bbox 457 2602 564 2668; x_wconf 89' lang='lat' dir='ltr'>nostri</span> <span class='ocrx_word' id='word_1_127' title='bbox 587 2602 628 2668; x_wconf 88' lang='lat' dir='ltr'>de</span> <span class='ocrx_word' id='word_1_128' title='bbox 651 2603 762 2682; x_wconf 85' lang='lat' dir='ltr'>Melea,</span> <span class='ocrx_word' id='word_1_129' title='bbox 784 2611 931 2690; x_wconf 82' lang='lat' dir='ltr'>tempore</span> <span class='ocrx_word' id='word_1_130' title='bbox 953 2623 1050 2668; x_wconf 84' lang='lat' dir='ltr'>novae</span> <span class='ocrx_word' id='word_1_131' title='bbox 1073 2607 1162 2668; x_wconf 79' lang='lat' dir='ltr'>teres</span> <span class='ocrx_word' id='word_1_132' title='bbox 1185 2599 1416 2714; x_wconf 57' lang='lat' dir='ltr'>ibatne,³1¹²2l⁰sle³13t</span> 
     </span>
     <span class='ocr_line' id='line_1_18' title="bbox 244 2704 1377 2787; baseline 0.004 -19"><span class='ocrx_word' id='word_1_133' title='bbox 244 2704 362 2770; x_wconf 85' lang='lat' dir='ltr'>habuit</span> <span class='ocrx_word' id='word_1_134' title='bbox 395 2710 429 2772; x_wconf 89' lang='lat' dir='ltr'>et</span> <span class='ocrx_word' id='word_1_135' title='bbox 460 2706 580 2787; x_wconf 91' lang='lat' dir='ltr'>tenuit,</span> <span class='ocrx_word' id='word_1_136' title='bbox 613 2711 647 2772; x_wconf 92' lang='lat' dir='ltr'>et</span> <span class='ocrx_word' id='word_1_137' title='bbox 677 2706 784 2771; x_wconf 88' lang='lat' dir='ltr'>adhuc</span> <span class='ocrx_word' id='word_1_138' title='bbox 821 2704 923 2770; x_wconf 88' lang='lat' dir='ltr'>habet</span> <span class='ocrx_word' id='word_1_139' title='bbox 946 2710 981 2770; x_wconf 87' lang='lat' dir='ltr'>et</span> <span class='ocrx_word' id='word_1_140' title='bbox 1002 2709 1104 2784; x_wconf 89' lang='lat' dir='ltr'>tenet,</span> <span class='ocrx_word' id='word_1_141' title='bbox 1135 2707 1172 2769; x_wconf 92' lang='lat' dir='ltr'>in</span> <span class='ocrx_word' id='word_1_142' title='bbox 1201 2705 1291 2770; x_wconf 90' lang='lat' dir='ltr'>dicto</span> <span class='ocrx_word' id='word_1_143' title='bbox 1306 2721 1377 2772; x_wconf 82' lang='lat'>1401.</span> 
     </span>
     <span class='ocr_line' id='line_1_19' title="bbox 244 2807 1291 2895; baseline -0.002 -21"><span class='ocrx_word' id='word_1_144' title='bbox 244 2807 519 2888; x_wconf 78' lang='lat' dir='ltr'>archidiaconatu,</span> <span class='ocrx_word' id='word_1_145' title='bbox 554 2808 665 2874; x_wconf 90' lang='lat' dir='ltr'>omnia</span> <span class='ocrx_word' id='word_1_146' title='bbox 698 2813 732 2874; x_wconf 90' lang='lat' dir='ltr'>et</span> <span class='ocrx_word' id='word_1_147' title='bbox 763 2808 895 2895; x_wconf 79' lang='lat' dir='ltr'>singula</span> <span class='ocrx_word' id='word_1_148' title='bbox 917 2809 1111 2894; x_wconf 87' lang='lat' dir='ltr'>temporalia</span> <span class='ocrx_word' id='word_1_149' title='bbox 1133 2809 1176 2873; x_wconf 87' lang='lat' dir='ltr'>ad</span> <span class='ocrx_word' id='word_1_150' title='bbox 1202 2807 1291 2874; x_wconf 88' lang='lat' dir='ltr'>idam</span> 
     </span>
     <span class='ocr_line' id='line_1_20' title="bbox 246 2909 1332 2997; baseline -0.002 -21"><span class='ocrx_word' id='word_1_151' title='bbox 246 2911 478 2978; x_wconf 83' lang='lat' dir='ltr'>monesterium</span> <span class='ocrx_word' id='word_1_152' title='bbox 511 2915 663 2976; x_wconf 78' lang='lat' dir='ltr'>nostrum</span> <span class='ocrx_word' id='word_1_153' title='bbox 700 2911 741 2976; x_wconf 91' lang='lat' dir='ltr'>de</span> <span class='ocrx_word' id='word_1_154' title='bbox 779 2911 883 2976; x_wconf 83' lang='lat' dir='ltr'>Melsa</span> <span class='ocrx_word' id='word_1_155' title='bbox 919 2911 1044 2976; x_wconf 88' lang='lat' dir='ltr'>adtunc</span> <span class='ocrx_word' id='word_1_156' title='bbox 1080 2909 1291 2997; x_wconf 88' lang='lat' dir='ltr'>pertinentia,</span> <span class='ocrx_word' id='word_1_157' title='bbox 1329 2955 1332 2962; x_wconf 66' lang='grc'><strong><em>»</em></strong></span> 
     </span>
     <span class='ocr_line' id='line_1_21' title="bbox 244 3011 1293 3100; baseline -0.002 -22"><span class='ocrx_word' id='word_1_158' title='bbox 244 3013 447 3100; x_wconf 83' lang='lat' dir='ltr'>pamellatim</span> <span class='ocrx_word' id='word_1_159' title='bbox 470 3014 507 3078; x_wconf 92' lang='lat' dir='ltr'>in</span> <span class='ocrx_word' id='word_1_160' title='bbox 529 3013 601 3100; x_wconf 87' lang='lat' dir='ltr'>ipsa</span> <span class='ocrx_word' id='word_1_161' title='bbox 622 3012 838 3098; x_wconf 76' lang='lat' dir='ltr'>inquisitione</span> <span class='ocrx_word' id='word_1_162' title='bbox 861 3013 1030 3099; x_wconf 73' lang='lat' dir='ltr'>inscripta</span> <span class='ocrx_word' id='word_1_163' title='bbox 1053 3013 1089 3078; x_wconf 93' lang='lat' dir='ltr'>in</span> <span class='ocrx_word' id='word_1_164' title='bbox 1112 3013 1201 3078; x_wconf 87' lang='lat' dir='ltr'>villis</span> <span class='ocrx_word' id='word_1_165' title='bbox 1231 3011 1293 3076; x_wconf 88' lang='lat' dir='ltr'>ibi-</span> 
     </span>
    </p>

    <p class='ocr_par' dir='ltr' id='par_1_9' title="bbox 246 3114 1292 3202">
     <span class='ocr_line' id='line_1_22' title="bbox 246 3114 1292 3202; baseline -0.001 -23"><span class='ocrx_word' id='word_1_166' title='bbox 246 3116 320 3180; x_wconf 88' lang='lat' dir='ltr'>dem</span> <span class='ocrx_word' id='word_1_167' title='bbox 342 3117 516 3194; x_wconf 90' lang='lat' dir='ltr'>contentis,</span> <span class='ocrx_word' id='word_1_168' title='bbox 550 3137 588 3181; x_wconf 89' lang='lat' dir='ltr'>ac</span> <span class='ocrx_word' id='word_1_169' title='bbox 621 3115 742 3181; x_wconf 87' lang='lat' dir='ltr'>valoris</span> <span class='ocrx_word' id='word_1_170' title='bbox 776 3116 881 3181; x_wconf 87' lang='lat' dir='ltr'>annui</span> <span class='ocrx_word' id='word_1_171' title='bbox 915 3114 1159 3202; x_wconf 76' lang='lat' dir='ltr'>particulariter</span> <span class='ocrx_word' id='word_1_172' title='bbox 1191 3114 1292 3178; x_wconf 74' lang='lat' dir='ltr'>inira</span> 
     </span>
    </p>

    <p class='ocr_par' dir='ltr' id='par_1_10' title="bbox 244 3215 1292 3408">
     <span class='ocr_line' id='line_1_23' title="bbox 245 3215 1292 3305; baseline -0.005 -21"><span class='ocrx_word' id='word_1_173' title='bbox 245 3217 367 3305; x_wconf 84' lang='lat' dir='ltr'>scripti,</span> <span class='ocrx_word' id='word_1_174' title='bbox 409 3219 499 3284; x_wconf 91' lang='lat' dir='ltr'>ultra</span> <span class='ocrx_word' id='word_1_175' title='bbox 535 3223 641 3283; x_wconf 87' lang='lat' dir='ltr'>terras</span> <span class='ocrx_word' id='word_1_176' title='bbox 678 3225 713 3283; x_wconf 90' lang='lat' dir='ltr'>et</span> <span class='ocrx_word' id='word_1_177' title='bbox 750 3217 966 3305; x_wconf 87' lang='lat' dir='ltr'>possessiones</span> <span class='ocrx_word' id='word_1_178' title='bbox 1004 3215 1149 3303; x_wconf 86' lang='lat' dir='ltr'>ejusdem</span> <span class='ocrx_word' id='word_1_179' title='bbox 1186 3215 1292 3282; x_wconf 89' lang='lat' dir='ltr'>nostrl</span> 
     </span>
     <span class='ocr_line' id='line_1_24' title="bbox 244 3318 1292 3408; baseline -0.003 -24"><span class='ocrx_word' id='word_1_180' title='bbox 244 3321 435 3386; x_wconf 87' lang='lat' dir='ltr'>monasterii</span> <span class='ocrx_word' id='word_1_181' title='bbox 457 3341 517 3408; x_wconf 86' lang='lat' dir='ltr'>per</span> <span class='ocrx_word' id='word_1_182' title='bbox 538 3319 723 3385; x_wconf 87' lang='lat' dir='ltr'>alluvionee</span> <span class='ocrx_word' id='word_1_183' title='bbox 746 3325 781 3386; x_wconf 89' lang='lat' dir='ltr'>ct</span> <span class='ocrx_word' id='word_1_184' title='bbox 802 3319 1036 3384; x_wconf 86' lang='lat' dir='ltr'>inundationes</span> <span class='ocrx_word' id='word_1_185' title='bbox 1059 3319 1167 3397; x_wconf 88' lang='lat' dir='ltr'>maris,</span> <span class='ocrx_word' id='word_1_186' title='bbox 1183 3318 1292 3382; x_wconf 91' lang='lat' dir='ltr'>Hum-</span> 
     </span>
    </p>

    <p class='ocr_par' dir='ltr' id='par_1_11' title="bbox 244 3421 1292 3610">
     <span class='ocr_line' id='line_1_25' title="bbox 244 3421 1292 3506; baseline -0.004 -18"><span class='ocrx_word' id='word_1_187' title='bbox 244 3421 334 3502; x_wconf 80' lang='lat' dir='ltr'>brioe,</span> <span class='ocrx_word' id='word_1_188' title='bbox 366 3427 401 3489; x_wconf 89' lang='lat' dir='ltr'>et</span> <span class='ocrx_word' id='word_1_189' title='bbox 431 3423 572 3488; x_wconf 89' lang='lat' dir='ltr'>aliorum</span> <span class='ocrx_word' id='word_1_190' title='bbox 605 3421 780 3488; x_wconf 81' lang='lat' dir='ltr'>fluviorum</span> <span class='ocrx_word' id='word_1_191' title='bbox 818 3423 855 3486; x_wconf 92' lang='lat' dir='ltr'>in</span> <span class='ocrx_word' id='word_1_192' title='bbox 886 3421 1114 3499; x_wconf 85' lang='lat' dir='ltr'>Holdernesse,</span> <span class='ocrx_word' id='word_1_193' title='bbox 1145 3425 1292 3506; x_wconf 86' lang='lat' dir='ltr'>temporo</span> 
     </span>
     <span class='ocr_line' id='line_1_26' title="bbox 246 3522 1291 3610; baseline -0.004 -20"><span class='ocrx_word' id='word_1_194' title='bbox 246 3526 461 3592; x_wconf 78' lang='lat' dir='ltr'>concessionis</span> <span class='ocrx_word' id='word_1_195' title='bbox 482 3525 672 3592; x_wconf 87' lang='lat' dir='ltr'>medietatis</span> <span class='ocrx_word' id='word_1_196' title='bbox 693 3525 792 3590; x_wconf 87' lang='lat' dir='ltr'>unius</span> <span class='ocrx_word' id='word_1_197' title='bbox 823 3523 958 3590; x_wconf 79' lang='lat' dir='ltr'>decimre</span> <span class='ocrx_word' id='word_1_198' title='bbox 990 3525 1031 3590; x_wconf 89' lang='lat' dir='ltr'>de</span> <span class='ocrx_word' id='word_1_199' title='bbox 1063 3522 1291 3610; x_wconf 87' lang='lat' dir='ltr'>spiritualibus</span> 
     </span>
    </p>

    <p class='ocr_par' dir='ltr' id='par_1_12' title="bbox 246 3623 1293 3716">
     <span class='ocr_line' id='line_1_27' title="bbox 246 3623 1293 3716; baseline -0.004 -22"><span class='ocrx_word' id='word_1_200' title='bbox 246 3632 281 3694; x_wconf 89' lang='lat' dir='ltr'>et</span> <span class='ocrx_word' id='word_1_201' title='bbox 309 3627 547 3716; x_wconf 87' lang='lat' dir='ltr'>temporalibus</span> <span class='ocrx_word' id='word_1_202' title='bbox 576 3627 656 3694; x_wconf 85' lang='lat' dir='ltr'>cleri</span> <span class='ocrx_word' id='word_1_203' title='bbox 687 3628 785 3693; x_wconf 74' lang='lat' dir='ltr'>diotre</span> <span class='ocrx_word' id='word_1_204' title='bbox 809 3626 967 3708; x_wconf 88' lang='lat' dir='ltr'>dioecesis,</span> <span class='ocrx_word' id='word_1_205' title='bbox 991 3626 1126 3692; x_wconf 91' lang='lat' dir='ltr'>domino</span> <span class='ocrx_word' id='word_1_206' title='bbox 1152 3623 1293 3691; x_wconf 86' lang='lat' dir='ltr'>Ricerdo</span> 
     </span>
    </p>

    <p class='ocr_par' dir='ltr' id='par_1_13' title="bbox 245 3728 1294 3920">
     <span class='ocr_line' id='line_1_28' title="bbox 245 3728 1291 3818; baseline -0.001 -23"><span class='ocrx_word' id='word_1_207' title='bbox 245 3751 350 3817; x_wconf 86' lang='lat' dir='ltr'>nuper</span> <span class='ocrx_word' id='word_1_208' title='bbox 379 3730 451 3818; x_wconf 81' lang='lat' dir='ltr'>regi</span> <span class='ocrx_word' id='word_1_209' title='bbox 482 3730 613 3818; x_wconf 79' lang='lat' dir='ltr'>Anglire</span> <span class='ocrx_word' id='word_1_210' title='bbox 645 3731 786 3796; x_wconf 87' lang='lat' dir='ltr'>secundo</span> <span class='ocrx_word' id='word_1_211' title='bbox 820 3735 896 3816; x_wconf 91' lang='lat' dir='ltr'>post</span> <span class='ocrx_word' id='word_1_212' title='bbox 927 3734 1152 3816; x_wconf 75' lang='lat' dir='ltr'>conquaestum</span> <span class='ocrx_word' id='word_1_213' title='bbox 1186 3728 1291 3807; x_wconf 75' lang='lat' dir='ltr'>factm,</span> 
     </span>
     <span class='ocr_line' id='line_1_29' title="bbox 246 3831 1294 3920; baseline -0.004 -22"><span class='ocrx_word' id='word_1_214' title='bbox 246 3838 455 3920; x_wconf 82' lang='lat' dir='ltr'>consumptas</span> <span class='ocrx_word' id='word_1_215' title='bbox 486 3839 520 3899; x_wconf 88' lang='lat' dir='ltr'>et</span> <span class='ocrx_word' id='word_1_216' title='bbox 554 3837 711 3912; x_wconf 82' lang='lat' dir='ltr'>vastatas,</span> <span class='ocrx_word' id='word_1_217' title='bbox 744 3833 781 3896; x_wconf 91' lang='lat' dir='ltr'>in</span> <span class='ocrx_word' id='word_1_218' title='bbox 815 3831 1086 3897; x_wconf 80' lang='lat' dir='ltr'>archidiaconatu</span> <span class='ocrx_word' id='word_1_219' title='bbox 1117 3831 1294 3917; x_wconf 82' lang='lat' dir='ltr'>praedict03</span> 
     </span>
    </p>

    <p class='ocr_par' dir='ltr' id='par_1_14' title="bbox 246 3931 1459 4435">
     <span class='ocr_line' id='line_1_30' title="bbox 247 3931 1442 4023; baseline -0.003 -20"><span class='ocrx_word' id='word_1_220' title='bbox 247 3957 321 4023; x_wconf 85' lang='lat' dir='ltr'>quae</span> <span class='ocrx_word' id='word_1_221' title='bbox 352 3937 483 4022; x_wconf 90' lang='lat' dir='ltr'>quidem</span> <span class='ocrx_word' id='word_1_222' title='bbox 519 3937 714 4023; x_wconf 84' lang='lat' dir='ltr'>temporalia</span> <span class='ocrx_word' id='word_1_223' title='bbox 747 3934 906 4022; x_wconf 64' lang='lat' dir='ltr'>praedicta</span> <span class='ocrx_word' id='word_1_224' title='bbox 938 3933 1000 4000; x_wconf 90' lang='lat' dir='ltr'>sub</span> <span class='ocrx_word' id='word_1_225' title='bbox 1035 3953 1163 3998; x_wconf 85' lang='lat' dir='ltr'>summa</span> <span class='ocrx_word' id='word_1_226' title='bbox 1199 3931 1291 4018; x_wconf 84' lang='lat' dir='ltr'>ccliij.</span> <span class='ocrx_word' id='word_1_227' title='bbox 1305 3949 1442 4014; x_wconf 75' lang='lat' dir='ltr'>Tempora-</span> 
     </span>
     <span class='ocr_line' id='line_1_31' title="bbox 246 4015 1459 4147; baseline -0.003 -45"><span class='ocrx_word' id='word_1_228' title='bbox 246 4038 414 4118; x_wconf 85' lang='lat' dir='ltr'>librarum‚</span> <span class='ocrx_word' id='word_1_229' title='bbox 431 4061 462 4106; x_wconf 84' lang='lat' dir='ltr'>x.</span> <span class='ocrx_word' id='word_1_230' title='bbox 477 4039 665 4117; x_wconf 89' lang='lat' dir='ltr'>solidorum,</span> <span class='ocrx_word' id='word_1_231' title='bbox 688 4060 709 4103; x_wconf 91' lang='lat' dir='ltr'>a</span> <span class='ocrx_word' id='word_1_232' title='bbox 731 4043 880 4124; x_wconf 89' lang='lat' dir='ltr'>tempore</span> <span class='ocrx_word' id='word_1_233' title='bbox 903 4036 1000 4102; x_wconf 84' lang='lat' dir='ltr'>dictes</span> <span class='ocrx_word' id='word_1_234' title='bbox 1023 4057 1117 4101; x_wconf 82' lang='lat' dir='ltr'>novae</span> <span class='ocrx_word' id='word_1_235' title='bbox 1140 4039 1229 4101; x_wconf 84' lang='lat' dir='ltr'>texae</span> <span class='ocrx_word' id='word_1_236' title='bbox 1250 4015 1459 4147; x_wconf 56' lang='lat' dir='ltr'>adfflffi²</span> 
     </span>
     <span class='ocr_line' id='line_1_32' title="bbox 247 4137 1454 4228; baseline -0.005 -23"><span class='ocrx_word' id='word_1_237' title='bbox 247 4141 431 4226; x_wconf 83' lang='lat' dir='ltr'>quamlibet</span> <span class='ocrx_word' id='word_1_238' title='bbox 462 4141 622 4208; x_wconf 89' lang='lat' dir='ltr'>decimam</span> <span class='ocrx_word' id='word_1_239' title='bbox 654 4161 713 4228; x_wconf 92' lang='lat' dir='ltr'>per</span> <span class='ocrx_word' id='word_1_240' title='bbox 735 4139 858 4204; x_wconf 89' lang='lat' dir='ltr'>clerum</span> <span class='ocrx_word' id='word_1_241' title='bbox 892 4139 961 4225; x_wconf 87' lang='lat' dir='ltr'>regi</span> <span class='ocrx_word' id='word_1_242' title='bbox 995 4159 1185 4216; x_wconf 87' lang='lat' dir='ltr'>concessam,</span> <span class='ocrx_word' id='word_1_243' title='bbox 1218 4137 1454 4202; x_wconf 67' lang='lat' dir='ltr'>hec-atticano</span> 
     </span>
     <span class='ocr_line' id='line_1_33' title="bbox 247 4217 1453 4336; baseline -0.006 -26"><span class='ocrx_word' id='word_1_244' title='bbox 247 4249 347 4310; x_wconf 84' lang='lat' dir='ltr'>tenus</span> <span class='ocrx_word' id='word_1_245' title='bbox 368 4265 443 4311; x_wconf 91' lang='lat' dir='ltr'>cnm</span> <span class='ocrx_word' id='word_1_246' title='bbox 466 4245 551 4311; x_wconf 88' lang='lat' dir='ltr'>clero</span> <span class='ocrx_word' id='word_1_247' title='bbox 573 4243 683 4311; x_wconf 87' lang='lat' dir='ltr'>taxari</span> <span class='ocrx_word' id='word_1_248' title='bbox 699 4247 961 4323; x_wconf 82' lang='lat' dir='ltr'>consueverunt3</span> <span class='ocrx_word' id='word_1_249' title='bbox 982 4241 1148 4322; x_wconf 85' lang='lat' dir='ltr'>videlicet,</span> <span class='ocrx_word' id='word_1_250' title='bbox 1164 4243 1201 4305; x_wconf 92' lang='lat' dir='ltr'>in</span> <span class='ocrx_word' id='word_1_251' title='bbox 1215 4217 1453 4336; x_wconf 50' lang='lat' dir='ltr'>villaffioff&#39;</span> 
     </span>
     <span class='ocr_line' id='line_1_34' title="bbox 247 4343 1428 4435; baseline -0.01 -23"><span class='ocrx_word' id='word_1_252' title='bbox 247 4345 288 4412; x_wconf 88' lang='lat' dir='ltr'>de</span> <span class='ocrx_word' id='word_1_253' title='bbox 311 4343 473 4435; x_wconf 84' lang='lat' dir='ltr'>Waghna‚</span> <span class='ocrx_word' id='word_1_254' title='bbox 499 4349 684 4414; x_wconf 85' lang='lat' dir='ltr'>manerium</span> <span class='ocrx_word' id='word_1_255' title='bbox 718 4346 759 4410; x_wconf 90' lang='lat' dir='ltr'>de</span> <span class='ocrx_word' id='word_1_256' title='bbox 782 4345 937 4431; x_wconf 85' lang='lat' dir='ltr'>Waghna</span> <span class='ocrx_word' id='word_1_257' title='bbox 970 4366 1044 4410; x_wconf 91' lang='lat' dir='ltr'>cum</span> <span class='ocrx_word' id='word_1_258' title='bbox 1076 4343 1294 4432; x_wconf 85' lang='lat' dir='ltr'>pertinentiis,</span> <span class='ocrx_word' id='word_1_259' title='bbox 1308 4361 1428 4427; x_wconf 55' lang='lat' dir='ltr'>1nwag.</span> 
     </span>
    </p>
   </div>
   <div class='ocr_carea' id='block_1_3' title="bbox 248 4430 1367 4538">
    <p class='ocr_par' dir='ltr' id='par_1_15' title="bbox 248 4430 1367 4538">
     <span class='ocr_line' id='line_1_35' title="bbox 248 4430 1367 4538; baseline -0.029 -1"><span class='ocrx_word' id='word_1_260' title='bbox 248 4449 337 4536; x_wconf 75' lang='lat' dir='ltr'>q¹¹⁰d</span> <span class='ocrx_word' id='word_1_261' title='bbox 373 4456 521 4538; x_wconf 71' lang='lat' dir='ltr'>tempore</span> <span class='ocrx_word' id='word_1_262' title='bbox 555 4451 654 4517; x_wconf 83' lang='lat' dir='ltr'>dictae</span> <span class='ocrx_word' id='word_1_263' title='bbox 686 4469 781 4515; x_wconf 84' lang='lat' dir='ltr'>novae</span> <span class='ocrx_word' id='word_1_264' title='bbox 814 4453 912 4526; x_wconf 79' lang='lat' dir='ltr'>tanae,</span> <span class='ocrx_word' id='word_1_265' title='bbox 947 4453 982 4513; x_wconf 91' lang='lat' dir='ltr'>et</span> <span class='ocrx_word' id='word_1_266' title='bbox 1015 4449 1115 4513; x_wconf 88' lang='lat' dir='ltr'>etiam</span> <span class='ocrx_word' id='word_1_267' title='bbox 1151 4430 1367 4532; x_wconf 60' lang='lat' dir='ltr'>temporem·</span> 
     </span>
    </p>
   </div>
   <div class='ocr_carea' id='block_1_4' title="bbox 248 4629 1298 4868">
    <p class='ocr_par' dir='ltr' id='par_1_16' title="bbox 248 4629 1298 4868">
     <span class='ocr_line' id='line_1_36' title="bbox 280 4629 1298 4706; baseline -0.005 -16"><span class='ocrx_word' id='word_1_268' title='bbox 280 4637 289 4672; x_wconf 90' lang='lat'><strong>¹</strong></span> <span class='ocrx_word' id='word_1_269' title='bbox 307 4639 364 4691; x_wconf 85' lang='lat' dir='ltr'>The</span> <span class='ocrx_word' id='word_1_270' title='bbox 382 4639 535 4706; x_wconf 82' lang='lat' dir='ltr'>inquisition,</span> <span class='ocrx_word' id='word_1_271' title='bbox 558 4642 632 4692; x_wconf 84' lang='lat' dir='ltr'>dated</span> <span class='ocrx_word' id='word_1_272' title='bbox 652 4653 685 4691; x_wconf 90' lang='lat' dir='ltr'>on</span> <span class='ocrx_word' id='word_1_273' title='bbox 703 4639 747 4690; x_wconf 80' lang='lat' dir='ltr'>the</span> <span class='ocrx_word' id='word_1_274' title='bbox 797 4639 846 4690; x_wconf 87' lang='lat' dir='ltr'>1v.</span> <span class='ocrx_word' id='word_1_275' title='bbox 865 4639 911 4705; x_wconf 76' lang='lat'>[12</span> <span class='ocrx_word' id='word_1_276' title='bbox 929 4638 997 4704; x_wconf 85' lang='lat' dir='ltr'>Sept.</span> <span class='ocrx_word' id='word_1_277' title='bbox 1008 4629 1108 4703; x_wconf 80' lang='lat'>‘1401],</span> <span class='ocrx_word' id='word_1_278' title='bbox 1124 4637 1146 4688; x_wconf 91' lang='lat' dir='ltr'>is</span> <span class='ocrx_word' id='word_1_279' title='bbox 1165 4635 1252 4700; x_wconf 85' lang='lat' dir='ltr'>copied</span> <span class='ocrx_word' id='word_1_280' title='bbox 1271 4642 1298 4686; x_wconf 85' lang='lat' dir='ltr'>at</span> 
     </span>
     <span class='ocr_line' id='line_1_37' title="bbox 248 4715 1098 4785; baseline -0.001 -17"><span class='ocrx_word' id='word_1_281' title='bbox 248 4717 362 4785; x_wconf 80' lang='lat' dir='ltr'>Monday</span> <span class='ocrx_word' id='word_1_282' title='bbox 373 4719 436 4772; x_wconf 77' lang='lat' dir='ltr'>aster</span> <span class='ocrx_word' id='word_1_283' title='bbox 452 4721 496 4772; x_wconf 81' lang='lat' dir='ltr'>the</span> <span class='ocrx_word' id='word_1_284' title='bbox 513 4722 578 4772; x_wconf 79' lang='lat' dir='ltr'>feast</span> <span class='ocrx_word' id='word_1_285' title='bbox 594 4721 624 4771; x_wconf 80' lang='lat' dir='ltr'>oi</span> <span class='ocrx_word' id='word_1_286' title='bbox 640 4720 684 4770; x_wconf 86' lang='lat' dir='ltr'>the</span> <span class='ocrx_word' id='word_1_287' title='bbox 694 4719 748 4769; x_wconf 79' lang='lat' dir='ltr'>Ns·</span> <span class='ocrx_word' id='word_1_288' title='bbox 798 4719 886 4784; x_wconf 75' lang='lat' dir='ltr'>length</span> <span class='ocrx_word' id='word_1_289' title='bbox 897 4717 924 4768; x_wconf 91' lang='lat' dir='ltr'>in</span> <span class='ocrx_word' id='word_1_290' title='bbox 935 4718 1002 4778; x_wconf 52' lang='lat' dir='ltr'>nst,</span> <span class='ocrx_word' id='word_1_291' title='bbox 1017 4723 1064 4768; x_wconf 80' lang='lat'>140</span> <span class='ocrx_word' id='word_1_292' title='bbox 1076 4715 1098 4767; x_wconf 81' lang='lat' dir='ltr'>b.</span> 
     </span>
     <span class='ocr_line' id='line_1_38' title="bbox 248 4797 749 4868; baseline 0 -18"><span class='ocrx_word' id='word_1_293' title='bbox 248 4797 326 4866; x_wconf 79' lang='lat' dir='ltr'>tivity</span> <span class='ocrx_word' id='word_1_294' title='bbox 337 4799 366 4850; x_wconf 78' lang='lat' dir='ltr'>ol</span> <span class='ocrx_word' id='word_1_295' title='bbox 373 4800 417 4852; x_wconf 83' lang='lat' dir='ltr'>the</span> <span class='ocrx_word' id='word_1_296' title='bbox 430 4801 521 4868; x_wconf 78' lang='lat' dir='ltr'>Virgin</span> <span class='ocrx_word' id='word_1_297' title='bbox 533 4801 618 4868; x_wconf 79' lang='lat' dir='ltr'>Mary,</span> <span class='ocrx_word' id='word_1_298' title='bbox 630 4806 644 4851; x_wconf 81' lang='lat'>2</span> <span class='ocrx_word' id='word_1_299' title='bbox 658 4799 749 4864; x_wconf 81' lang='lat' dir='ltr'>Henry</span> 
     </span>
    </p>
   </div>
   <div class='ocr_carea' id='block_1_5' title="bbox 1101 4879 1166 4940">
    <p class='ocr_par' dir='ltr' id='par_1_17' title="bbox 1101 4879 1166 4940">
     <span class='ocr_line' id='line_1_39' title="bbox 1101 4879 1166 4940; baseline 0 0"><span class='ocrx_word' id='word_1_300' title='bbox 1101 4879 1166 4940; x_wconf 72' lang='lat' dir='ltr'>ri</span> 
     </span>
    </p>
   </div>
   <div class='ocr_carea' id='block_1_6' title="bbox 0 0 1781 5860">
    <p class='ocr_par' dir='ltr' id='par_1_18' title="bbox 0 0 1781 5860">
     <span class='ocr_line' id='line_1_40' title="bbox 0 0 1781 5860; baseline 0 0"><span class='ocrx_word' id='word_1_301' title='bbox 0 0 1781 5860; x_wconf 95' lang='lat' dir='ltr'> </span> 
     </span>
    </p>
   </div>
  </div>
 </body>
</html>
