3578 5874
513 897 652 946 rsonae
673 897 778 946 asans
801 897 916 946 uenus
937 896 1097 946 uncinus
1256 881 1319 943 265

256 1067 472 1146 'faciendum
496 1091 533 1136 ac
558 1092 670 1136 veram
701 1071 802 1158 ipsius
834 1053 979 1135 abbatis*
995 1069 1188 1136 electionem
1221 1066 1405 1135 conti-AD.
1420 1073 1501 1137 rcce'

280 1171 444 1252 uentibus,
466 1173 630 1238 communi
663 1172 770 1261 sigillo
802 1173 907 1239 nostri
940 1171 1130 1238 monasterii
1163 1169 1325 1257 sigillatis,
1336 1157 1426 1206 ‘¹³9²

199 1325 202 1332 .
282 1273 486 1354 ordinarunt,
510 1280 699 1341 statuerunt
722 1281 756 1342 et
777 1275 991 1354 arbitrarent,
1014 1274 1101 1362 quod
1124 1273 1234 1338 nullus
1257 1294 1326 1336 mo-

281 1375 459 1440 nachornm
492 1377 722 1463 praedictorum
752 1377 793 1442 dc
827 1382 955 1456 caetero,
983 1376 1043 1442 sub
1078 1375 1197 1462 quovis
1220 1374 1326 1439 colore

281 1477 352 1544 sive
374 1478 484 1559 titulo,
501 1479 622 1544 dictam
639 1479 829 1546 electionem
850 1501 907 1544 seu
929 1479 1031 1566 ipsius
1045 1477 1325 1544 confirmationem

283 1578 500 1667 impugnaret,
532 1587 706 1660 accusaret,
734 1581 788 1646 vel
819 1587 933 1646 contra
964 1581 1051 1668 ipsas
1082 1580 1247 1645 resisteret
1269 1601 1327 1644 seu

284 1703 318 1746 se
349 1689 529 1769 opponeret
561 1683 657 1749 modo
695 1683 854 1770 aliquali;
892 1683 949 1754 sed
983 1683 1025 1748 ab
1064 1683 1154 1748 omni
1189 1683 1327 1760 actione,

214 1853 218 1864 ,
283 1785 516 1870 prosecutione,
548 1775 815 1873 impugnatione,
835 1787 1074 1872 provocatione,
1099 1785 1325 1872 appellatione,

284 1891 318 1950 et
340 1887 431 1951 omni
456 1888 521 1953 alio
546 1889 634 1974 juris
662 1887 814 1964 remedio,
837 1886 1015 1968 desisteret,
1039 1893 1074 1952 et
1096 1887 1246 1953 exclusus
1266 1889 1328 1952 irn-

283 1993 477 2075 perpetnum
500 1995 710 2076 permaneret.
756 1989 962 2056 Ordinanmt
983 1988 1117 2076 insuper
1139 1989 1220 2055 dicti
1242 2012 1327 2055 com-

283 2090 484 2176 promissarii
507 2093 595 2178 quod
617 2113 729 2158 omnes
751 2095 786 2157 et
812 2091 932 2178 singuli
961 2091 1114 2158 monachi
1139 2092 1327 2178 supradicti,

284 2197 319 2258 et
341 2213 453 2258 eorum
470 2194 618 2280 quilibet,
633 2195 789 2282 quicquid
812 2199 927 2260 contra
948 2194 1141 2280 pradictum
1157 2194 1326 2259 dominum

284 2293 442 2360 Thomam
488 2297 650 2377 abbatem,
682 2297 783 2362 verbo
816 2317 873 2362 seu
903 2295 999 2376 facto,
1033 2295 1238 2382 deliquerant
1267 2301 1327 2362 aut

284 2395 403 2482 aliquis
425 2420 537 2464 eorum
560 2399 753 2486 deliquerat,
769 2421 790 2463 a
812 2398 949 2484 praesato
966 2397 1098 2464 domino
1122 2398 1248 2464 Thema
1269 2398 1327 2464 ab·

285 2497 362 2565 bate
384 2501 606 2566 remissionem
622 2505 656 2566 et
666 2500 920 2588 indulgentiam,
936 2500 1021 2566 sicut
1043 2500 1105 2566 filii
1128 2499 1327 2578 obedientes,

285 2605 409 2687 petent,
433 2607 468 2668 et
488 2603 629 2689 quilibet
650 2625 763 2669 eorum
785 2607 886 2689 petat,
902 2602 1082 2668 instantius
1104 2624 1178 2668 curn
1202 2603 1327 2668 effectu.

286 2702 332 2768 Et
354 2705 454 2769 etiam
477 2699 671 2772 ordinarunt
693 2725 731 2770 ac
763 2705 967 2770 arbitrarunt
998 2705 1087 2770 dicto
1119 2706 1327 2792 compromis·
1340 2707 1463 2774 Theyre-

286 2806 364 2870 sarii
387 2807 474 2893 quod
496 2808 672 2895 praedictus
694 2807 846 2874 (lominus
872 2807 1013 2872 Thomas
1035 2807 1145 2888 abbas,
1170 2813 1327 2894 tanquam
1340 2777 1497 2892 fflffi„

286 2907 392 2974 bonus
425 2915 536 2996 pastor
557 2910 714 2976 affectans
746 2931 878 2996 gregem
909 2909 1092 2996 dispersum
1123 2931 1328 2997 congregare,
1340 2907 1456 2988 giyeqesc
1469 2909 1500 2960 οἳ

288 3032 417 3076 ornnem
438 3011 592 3097 injuriam
617 3011 711 3078 verbi
741 3033 799 3076 seu
830 3009 919 3087 facti,
942 3031 1000 3096 per
1022 3010 1195 3098 pmdictos
1217 2987 1451 3077 mona-¹³³¹moe'

287 3113 363 3178 chos
400 3121 513 3179 contra
550 3114 689 3179 eundem
727 3113 881 3178 abbatem
919 3113 1079 3178 hactenus
1115 3113 1223 3179 habiti
1260 3115 1330 3180 sive

287 3215 397 3301 aliquo
419 3217 515 3281 modo
536 3215 698 3302 praetensi,
721 3215 768 3280 eis
793 3215 944 3280 omnibus
966 3219 1001 3281 et
1030 3215 1168 3302 singulis
1190 3216 1331 3303 benigne

287 3318 442 3384 remittet
489 3318 534 3382 Et
566 3318 655 3403 quod
687 3339 798 3383 omncs
831 3323 866 3383 ct
896 3317 1017 3404 singuli
1043 3317 1196 3384 monachi
1217 3340 1331 3406 supra-

286 3420 368 3485 dicti
401 3420 538 3505 praciato
569 3419 702 3485 domino
733 3420 867 3485 Thomas
900 3419 1022 3497 abbati,
1045 3420 1073 3484 si
1104 3419 1185 3506 quid
1218 3425 1332 3486 contra

200 3539 203 3546 ’
286 3544 341 3586 eos
363 3522 463 3586 verbo
487 3522 540 3586 vel
571 3522 657 3588 facto
688 3522 894 3588 commiserat
925 3522 1162 3608 quoquomodo,
1187 3522 1331 3610 plenarie

285 3625 460 3689 remittant
483 3645 556 3689 cnm
582 3624 706 3690 effectu.
752 3624 798 3689 Et
829 3624 917 3710 quod
950 3624 1057 3690 dictus
1089 3625 1190 3691 abbas
1219 3647 1332 3692 omnes

287 3733 321 3792 et
343 3725 489 3814 singulos
503 3727 677 3792 monachos
700 3728 937 3814 suprascriptos
960 3749 1034 3792 cum
1061 3729 1146 3793 bono
1169 3728 1266 3795 corde
1287 3729 1330 3794 ad

287 3829 375 3916 pacis
397 3830 542 3894 osculum
565 3829 763 3910 admitteret,
787 3851 825 3895 ac
850 3851 906 3895 eos
922 3829 1024 3915 juxta
1045 3831 1192 3916 regulam
1216 3831 1329 3898 Sancti

288 3931 459 3998 Benedicti
491 3937 526 3997 et
555 3953 720 3997 sacrorum
749 3953 910 3998 canonum
939 3931 1097 3998 instituta
1121 3932 1331 4019 gubernaret,
1378 3959 1381 3966 ·

289 4055 327 4099 ac
349 4055 403 4100 eos
425 4035 466 4098 de
489 4039 605 4100 caetero
628 4056 701 4100 cum
723 4033 832 4120 gratia
854 4039 889 4098 et
910 4033 1023 4099 favore
1042 4039 1170 4120 regeret
1191 4035 1229 4100 in
1243 4036 1333 4101 iutu-

289 4157 371 4202 rum
418 4135 463 4202 Et
485 4137 521 4200 in
543 4135 643 4201 fidem
670 4141 703 4202 ct
733 4135 958 4201 testimonium
988 4136 1229 4223 praemissorum
1251 4138 1332 4204 dicti

291 4238 562 4325 compromissarii
585 4237 694 4325 sigilla
723 4261 783 4304 sua
813 4259 872 4303 suo
905 4238 1035 4304 decreto
1066 4243 1100 4304 et
1132 4239 1332 4306 ordinationi

291 4347 521 4429 apposuerunt,
545 4363 583 4406 ac
606 4362 673 4427 per
704 4339 868 4406 notarium
903 4339 1071 4426 publicum
1105 4342 1264 4408 subscribi
1299 4347 1332 4406 et

291 4443 422 4531 publica
442 4443 547 4509 forma
577 4441 682 4529 redigi
716 4440 976 4522 demandarunt3
1009 4443 1095 4508 sicut
1124 4465 1182 4530 per
1210 4445 1333 4509 instru-

291 4552 439 4612 mentum
461 4543 629 4631 publicum
645 4543 763 4610 exinde
777 4544 960 4610 confectum
981 4545 1186 4610 manifestius
1202 4546 1334 4612 demon·

292 4653 422 4716 stratur.
469 4647 640 4715 Posthac
662 4668 748 4725 vero,
767 4647 866 4714 dictis
888 4647 1174 4734 compromissariis
1196 4649 1239 4714 ad
1261 4672 1334 4738 pro-

293 4753 366 4840 pria
389 4751 483 4838 plene
505 4751 650 4832 reversis,
672 4771 738 4820 non
768 4772 826 4840 per
855 4749 984 4818 dimidii
1007 4750 1086 4818 anni
1112 4749 1168 4816 vix
1191 4753 1334 4840 spatium
