3614 5888
495 863 694 914 wrunnfflus
717 862 825 914 aneas
848 865 1016 916 surrnrns
1039 865 1205 922 neamus.
1309 853 1376 926 167

230 1005 232 1010 V
313 1041 402 1106 idem
416 1039 518 1106 abbas
534 1037 722 1106 Willelmue
746 1040 788 1104 de
804 1039 1030 1128 Drynghowe,
1044 1064 1120 1108 oum
1137 1043 1373 1110 monasterium
1385 1053 1452 1106 nl).
1467 1062 1530 1110 rear

314 1141 410 1208 annis
442 1145 584 1227 quatuor
615 1145 651 1206 ct
681 1141 799 1206 diebus
833 1145 876 1206 20
910 1147 1044 1210 strenue
1075 1145 1299 1232 gubernasset,
1334 1123 1474 1211 in'¹³⁷2·

314 1245 400 1310 testo
431 1243 641 1310 Aroemionis
676 1242 823 1323 Domini,
858 1265 946 1312 anno
981 1246 1116 1312 Domini
1150 1244 1247 1326 1372,
1280 1198 1465 1344 quodibi
1478 1204 1508 1252 οἱ

314 1349 396 1412 tunc
425 1345 531 1431 pridie
559 1367 663 1412 nonas
687 1345 769 1412 Maii
804 1346 932 1424 accidit,
963 1354 1040 1433 post
1071 1349 1264 1435 capitulum,
1294 1371 1369 1416 oum
1380 1331 1529 1466 {Jssfflow

314 1446 480 1514 confessus
502 1448 546 1514 ad
567 1447 725 1534 majorem
748 1448 882 1516 missam
912 1450 1122 1518 solennitatis
1141 1451 1368 1518 celebrandam
1382 1467 1453 1516 1³72.
1530 1439 1540 1464 '

315 1571 348 1615 se
370 1554 579 1637 praepararet,
603 1551 719 1616 morbo
742 1550 800 1635 qui
830 1551 972 1638 letargia
1002 1552 1126 1618 dicitur
1155 1552 1266 1618 subito
1296 1573 1368 1640 per-

314 1673 433 1730 cussus,
458 1651 572 1718 eadem
601 1651 663 1730 die,
686 1651 772 1718 circa
805 1652 921 1718 horam
944 1675 1163 1740 vesperarum,
1195 1654 1370 1722 defunctus

314 1759 374 1833 ast,
397 1760 431 1822 et
463 1754 611 1841 sepultus
646 1754 787 1820 australi
818 1760 913 1841 parte
944 1757 1094 1836 cocleam
1128 1778 1236 1822 coram
1270 1758 1370 1824 altari

313 1857 428 1924 Sancti
444 1859 623 1924 Benedicti
670 1858 808 1924 Dimisit
830 1862 942 1926 autem
972 1865 1054 1926 tunc
1076 1859 1227 1926 debitum
1250 1862 1368 1928 domus
1379 1870 1496 1924 Amount
1510 1875 1539 1924 of

312 1961 396 2047 arjn.
411 1961 521 2041 aare,
538 1961 595 2046 xij.
610 1961 743 2040 soreos,
758 1961 791 2046 ij.
814 1961 973 2040 sensae,
988 1963 1129 2028 osorum.
1168 1938 1536 2066 nimaisqaflfffi

313 2067 472 2144 staurum,
488 2063 530 2128 da
545 2063 662 2130 ovibus
677 2065 743 2128 duo
759 2063 865 2130 millia
875 2063 955 2144 nri,
971 2065 1013 2130 de
1029 2065 1150 2131 averiis
1165 2065 1306 2145 cccxlix,
1327 2067 1368 2134 de
1379 2071 1460 2133 coer,
1471 2075 1517 2125 &c

313 2166 406 2252 equis
421 2165 527 2251 fflj=.;
548 2171 583 2230 et
605 2165 848 2253 providentiam
871 2167 995 2244 domus,
1021 2167 1061 2234 de
1083 2164 1249 2234 frumento
1263 2190 1368 2254 usqua

315 2269 358 2334 ed
373 2268 600 2334 Nativitatem
621 2269 729 2335 beatae
746 2269 870 2345 Mariae,
888 2270 929 2336 da
952 2269 1063 2336 brasio
1085 2291 1190 2356 usque
1212 2273 1255 2336 ad
1270 2271 1304 2338 N
1304 2272 1368 2338 ati-

312 2371 452 2436 ritatam
475 2370 621 2452 Domini,
646 2372 687 2438 de
709 2371 795 2437 fabis
817 2377 852 2436 et
882 2371 963 2458 pisis
985 2394 1042 2439 xx.
1066 2375 1243 2458 quarteria,
1265 2378 1300 2439 et
1326 2375 1367 2440 de

312 2493 418 2538 avena
439 2473 483 2540 xl.
510 2475 684 2560 quarteria.
730 2473 932 2540 Providebat
961 2474 1063 2540 etiem
1086 2475 1123 2539 in
1145 2474 1278 2540 ecclesia
1300 2476 1451 2541 dqultar

312 2577 510 2642 vestimenta
532 2577 665 2664 integra
695 2597 754 2663 pro
780 2597 901 2664 magno
927 2577 1033 2658 altari,
1056 2598 1159 2643 unum
1191 2554 1466 2643 (16Ιὴοᾱἰοοιυὼμη

280 2699 284 2708 ·
312 2677 443 2744 velvetc
482 2700 557 2744 cum
588 2679 692 2745 stellis
723 2680 841 2758 aureis,
869 2683 904 2744 et
936 2679 1040 2744 elium
1074 2680 1115 2745 da
1146 2681 1298 2767 dyuepyn
1325 2681 1366 2747 de

311 2779 412 2845 viridi
433 2785 468 2847 st
490 2781 592 2847 rubeo
615 2782 739 2869 partim
761 2803 843 2847 auro
865 2786 1067 2848 contextum

350 3065 416 3132 III.
452 3063 503 3134 Dc
531 3067 670 3136 Urbano
697 3067 961 3240 Wffluffl'
995 3074 1025 3134 ct
1061 3066 1335 3154 fflcqoriopcqrc
1376 3084 1464 3136 arec.

355 3329 561 3417 Cognoscens
598 3332 708 3394 eutem
747 3349 833 3415 papa
871 3327 1033 3393 Urbanus
1072 3329 1117 3392 6¹²³
1153 3325 1364 3441 praescriptus
1375 3335 1525 3454 {mvn

311 3433 398 3518 quod
431 3431 551 3498 fratres
581 3431 727 3496 Minores
761 3431 869 3496 claves
901 3429 1018 3494 altaris
1050 3427 1166 3494 Sancti
1197 3427 1364 3492 Johanms
1375 3469 1418 3520 the
1427 3419 1516 3522 {afim
1613 3441 1617 3450 '

310 3533 539 3600 Lateranensis
561 3533 598 3597 in
632 3533 755 3619 capella
785 3537 901 3598 sancta
931 3531 1135 3608 Sanctorum,
1158 3530 1195 3594 in
1221 3551 1287 3615 quo
1313 3549 1363 3594 re·
1375 3535 1474 3614 minora
1485 3545 1512 3588 to

308 3634 442 3700 condita
465 3635 600 3700 fuerunt
630 3636 739 3722 capita
761 3636 934 3701 beatorum
969 3634 1192 3720 apostolorum
1215 3631 1306 3696 Petri
1329 3611 1518 3720 etffifflssw

310 3737 415 3814 Pauli,
438 3736 640 3819 habuissent,
664 3759 702 3802 ac
734 3759 788 3802 eas
812 3742 846 3802 et
869 3735 1052 3802 custodiam
1076 3733 1255 3800 eorundem
1276 3735 1364 3820 capi-
1375 3736 1438 3800 keys
1450 3736 1479 3786 οἲ
1489 3737 1532 3786 the

310 3843 382 3904 tum
405 3839 514 3904 ordini
529 3861 587 3904 suo
611 3843 794 3904 assererent
816 3839 990 3924 pertinere,
1005 3837 1167 3924 fingentes
1188 3834 1362 3922 indulgen·
1375 3803 1531 3919 ffiffl

308 3941 390 4005 tiam
424 3963 518 4028 papae
541 3940 695 4006 Nicholai
720 3940 783 4005 sibi
816 3961 915 4026 super
944 3938 1010 4002 hiis
1042 3935 1512 4050 concessam,p1im0121312fl011t·h

309 4041 453 4122 monitis,
470 4042 547 4108 inde
569 4043 677 4122 minis,
694 4042 904 4129 postmodum
927 4037 1112 4118 sententiis,
1128 4038 1233 4102 dietas
1256 4007 1492 4116 clavcefflffif
1512 4016 1526 4050 ²

309 4143 402 4209 reddi
424 4143 524 4231 petiit
536 4167 545 4224 ;
576 4148 611 4208 et
636 4165 710 4208 cum
742 4143 958 4229 pertinaciter
988 4139 1196 4218 restitissent,
1216 4131 1421 4228 ipsorumsss·
1434 4133 1509 4182 Peter

311 4247 460 4312 ordinem
483 4245 631 4311 finaliter
645 4267 772 4311 cassare
796 4243 967 4331 disposuit.
1015 4241 1114 4307 Unde
1129 4242 1270 4308 nimium
1292 4199 1509 4328 ρετ-ΜΝ

310 4349 421 4414 territi
444 4355 623 4434 coeperunt,
641 4347 866 4413 mediantibus
889 4351 986 4411 terrae
1008 4343 1221 4432 principibus,
1244 4365 1365 4432 papam

310 4471 425 4538 rogare
447 4455 487 4515 ut
510 4449 703 4538 dignaretur
729 4451 837 4515 claves
863 4449 950 4535 ipsas
975 4447 1126 4536 recipere,
1151 4451 1186 4511 et
1211 4446 1364 4532 indigna

310 4553 438 4620 tionem
465 4575 558 4619 suam
581 4553 624 4618 ab
649 4575 759 4619 eorum
786 4552 902 4617 ordine
925 4549 1180 4617 misericorditer
1205 4569 1365 4614 amovere.

311 4653 386 4741 Ipse
419 4676 496 4741 ergo
519 4655 629 4722 claves
661 4655 748 4741 ipsas
777 4655 910 4740 recepit,
943 4659 976 4718 et
999 4654 1071 4740 ipsa
1104 4651 1214 4736 capita
1243 4649 1365 4738 populo

310 4757 574 4838 demonstravit3
612 4757 800 4842 eisdemque
830 4756 990 4822 iratribus
1023 4752 1249 4840 indulgentias
1283 4775 1365 4839 quas
