3614 5888
527 971 705 1024 aosaarus
727 969 836 1020 mass
859 971 990 1020 saurus
1014 969 1172 1021 naornus.
1310 957 1375 1024 117

329 1146 439 1212 minus
473 1147 683 1213 Albornarliae
716 1147 750 1212 in
784 1148 907 1214 eisdem
942 1153 976 1214 et
1009 1171 1122 1214 eorum
1153 1147 1302 1234 qualibet
1333 1166 1375 1210 ex
1385 1151 1454 1204 ΔΙ).
1469 1160 1532 1207 1356

329 1249 535 1316 concessione
565 1249 692 1320 dudum
725 1250 883 1316 comitum
905 1250 1118 1317 Albemarliae
1145 1249 1201 1337 jus
1234 1223 1476 1336 praesen-'¹³⁶⁷'

328 1352 467 1417 tationis
489 1352 640 1432 habente,
664 1352 794 1418 easdem
816 1352 965 1420 ecelesias
987 1354 1083 1420 nobis
1105 1375 1147 1418 ex
1169 1349 1373 1418 eoncessione

327 1457 362 1518 et
383 1453 518 1520 lieentia
532 1454 700 1542 praediotis
722 1457 951 1542 appropriatus
965 1451 1373 1544 paoidoepossideremus,1

327 1557 490 1644 praecipue
504 1579 587 1636 oum,
602 1571 736 1645 propter
754 1579 947 1646 guerrarum
962 1559 1151 1626 discrimina
1172 1560 1261 1624 inter
1283 1557 1372 1622 diota

327 1679 428 1745 regna
451 1659 582 1748 Anglias
614 1663 648 1726 et
680 1660 830 1726 Franoiae
863 1665 936 1728 toto
966 1667 1113 1750 tempore
1145 1660 1372 1749 aequisitionis

327 1767 361 1826 et
398 1762 672 1850 appropriationis
708 1783 766 1828 seu
810 1763 910 1828 etiam
955 1764 1156 1830 detentionis
1194 1763 1372 1830 ea1undem

327 1864 463 1950 agitata,
495 1887 556 1931 nos
585 1887 644 1952 per
681 1865 808 1931 dictum
839 1866 993 1932 abbatem
1026 1865 1237 1933 Aibemarliae
1275 1887 1372 1952 super

327 1967 637 2053 praesentationibus
659 1967 702 2033 ad
725 1967 854 2034 easdem
876 1967 1046 2034 eoolesius2
1061 1969 1197 2035 minime
1218 1989 1372 2053 gravare-

325 2091 406 2148 mur,
430 2091 468 2136 eo
490 2071 579 2156 quod
601 2075 706 2150 terrae,
733 2070 956 2157 possessiones,
980 2076 1015 2137 et
1036 2071 1192 2158 quaelibet
1213 2071 1278 2136 alia
1295 2071 1373 2157 jura

326 2172 585 2260 alienigenarum
629 2173 717 2238 inira
761 2195 901 2261 regnum
938 2173 1080 2261 Angliae,
1112 2179 1186 2240 toto
1223 2178 1371 2259 tempore

324 2296 515 2360 guerrarum
558 2267 798 2363 praedictarum,
831 2275 868 2341 in
899 2277 1054 2342 manibus
1087 2277 1185 2364 regiis
1222 2275 1372 2341 totaliter

325 2377 524 2458 extitissent,
557 2383 600 2458 et,
631 2378 720 2444 diota
741 2399 819 2466 pace
853 2383 888 2445 ot
919 2378 1099 2458 eoncordia,
1121 2387 1161 2444 ut
1190 2377 1370 2466 praefertur,

324 2480 474 2561 firmatis,
489 2479 588 2546 dictis
602 2481 796 2568 alienigenis
810 2480 851 2547 de
874 2481 942 2547 suis
960 2481 1100 2568 juribus,
1115 2479 1371 2568 possessionibus

324 2587 359 2647 et
392 2582 583 2671 privilegiis,
606 2583 695 2648 infra
730 2605 871 2670 regnum
904 2584 1037 2671 Angliae
1074 2584 1217 2672 gaudere
1255 2583 1371 2648 fuisset

324 2683 502 2766 indultum,
525 2685 702 2772 praediotus
723 2685 826 2750 abbas
848 2685 1067 2765 Albemarliae,
1086 2687 1262 2773 jussuum
1285 2683 1371 2750 anti-

324 2807 427 2872 quum
448 2787 486 2852 in
516 2787 827 2874 praesentationibus
860 2787 903 2853 ad
933 2789 1039 2855 dictes
1060 2787 1233 2855 emlesies³
1256 2787 1370 2854 vendi·

323 2911 408 2966 cans,
446 2911 505 2955 nos
547 2912 590 2955 ex
626 2894 708 2956 tuno
745 2911 843 2978 super
880 2891 1027 2956 eisdem⁴
1060 2890 1371 2979 praesentationibus

324 2993 425 3079 ooepit
446 2993 639 3080 inquietare.
685 2991 940 3059 Praedeoessores
970 2997 1081 3059 autem
1111 2993 1213 3081 ipsius
1239 2993 1370 3058 abbatis

323 3096 534 3164 Albemarlise
549 3096 700 3163 solebant
721 3102 919 3184 praesentare
941 3096 984 3161 ad
1007 3095 1111 3162 dietas
1128 3095 1275 3162 eoolesias
1297 3117 1369 3184 per-

324 3219 420 3265 sonas
451 3200 638 3266 nominatas
670 3221 730 3286 per
760 3198 886 3264 dudum
918 3199 1053 3264 semitm
1086 3198 1306 3277 Albemarliae,
1336 3205 1371 3264 et

322 3303 476 3389 'postea'
488 3301 501 3341 ⁶
522 3323 615 3389 reges
637 3300 771 3388 Angliae
804 3323 842 3366 ao
864 3300 946 3366 alios
979 3300 1128 3367 dominos
1159 3301 1298 3366 manerii
1329 3301 1370 3367 de

324 3403 512 3492 Brustwyln
536 3409 571 3470 et
593 3426 661 3470 non
690 3403 816 3489 aliquas
837 3402 919 3468 alias
949 3423 1102 3490 personas
1124 3403 1189 3468 nisi
1211 3425 1266 3468 eos
1296 3425 1370 3490 quae

325 3504 573 3573 tantummodo⁶
595 3506 643 3573 eis
665 3505 712 3572 sio
733 3505 869 3572 suerunt
882 3506 1065 3572 nominatae
1080 3506 1284 3592 temporibus
1299 3507 1370 3592 qui·

326 3609 386 3674 bus
415 3609 497 3697 ipsae
527 3610 671 3675 eoolosiae
703 3613 914 3674 vacaverunt.
960 3609 1103 3695 Nosque,
1127 3609 1268 3674 durante
1302 3609 1370 3675 dic-

322 3717 433 3777 tarum
462 3733 656 3800 guerrarum
678 3710 858 3798 dispendia,
887 3716 962 3797 post
984 3731 1098 3776 earum
1120 3711 1370 3777 advocationem

325 3813 421 3880 nobis
443 3835 502 3902 per
523 3835 634 3901 regem
657 3813 860 3880 Edwardum
883 3812 910 3880 Ι.
934 3814 1095 3892 collatam,
1117 3812 1173 3879 et⁷
1197 3819 1276 3879 ante
1301 3813 1371 3879 dio·

325 3921 435 3982 arum
467 3915 675 3982 eeclesiarum
707 3915 1014 4003 appropriationem,
1046 3916 1180 3982 domino
1211 3918 1289 4004 regi,
1312 3917 1371 4002 qui

324 4024 404 4084 tuno
433 4019 511 4106 jura
533 4022 568 4083 et
596 4018 813 4105 possessiones
835 4017 916 4085 dieti
938 4019 1070 4085 abbatis
1092 4018 1304 4086 Albemarliae
1334 4019 1371 4083 in

325 4120 448 4208 Anglia
468 4119 667 4208 possidebat,
688 4141 842 4208 personas
863 4119 1041 4206 aliquando
1062 4121 1306 4187 nominavimus
1328 4121 1371 4186 ad

326 4223 412 4310 ipsas
434 4223 585 4290 eeclesias
606 4227 772 4302 vadantes,
802 4244 860 4310 per
881 4223 1000 4311 ipsum,
1021 4223 1092 4289 loeo
1118 4223 1249 4290 abbatis
1271 4225 1371 4290 Albe·

324 4326 458 4406 marliae,
475 4325 727 4413 praesentandas,
765 4325 799 4391 N
800 4347 835 4391 os
849 4347 935 4413 ergo,
950 4333 1119 4394 cernentes
1134 4329 1370 4394 monesterium

357 4579 570 4646 ¹posrs'drremus]
589 4575 782 4637 uneremmffl.
899 4577 910 4609 ⁴
928 4575 1028 4644 eudem]
1055 4577 1178 4628 dictarum
1198 4577 1366 4640 eoelesiarum,

357 4659 477 4710 hosdem
489 4656 618 4723 corbeius]
637 4657 771 4707 earundem
782 4673 825 4708 eo·
866 4658 896 4708 P.

322 4739 459 4800 etesiarum,
470 4739 501 4789 P.
660 4774 665 4784 .
900 4737 910 4770 ⁵
925 4735 933 4760 ⁸
940 4735 1058 4803 posteu']
1078 4737 1192 4803 wanfing
1203 4738 1229 4788 in
1241 4738 1271 4787 P.

356 4818 367 4851 ³
383 4815 598 4881 dictu-sarcimine]
610 4815 735 4868 dictarum
744 4816 823 4868 eccle·
901 4817 912 4848 ⁶
929 4817 1099 4883 tonmarmodo]
1119 4819 1274 4877 teutomodo,
1286 4817 1316 4868 E.

323 4901 424 4958 siarum,
435 4897 464 4950 P.
901 4895 982 4962 ⁷post
998 4935 1004 4948 .
1023 4935 1029 4946 .
1048 4933 1055 4946 .
1072 4897 1109 4961 et]
1130 4896 1241 4962 wanting
1252 4897 1278 4947 in
1292 4899 1322 4950 1¹.
