3614 5888
521 885 701 936 ROBERTUS
723 883 833 936 ABBAS
854 884 985 936 SEXTUS
1006 883 1169 938 cccmus.
1299 875 1364 938 153

320 1065 410 1127 secta
423 1061 482 1126 illa
502 1061 669 1128 nefanda
659 1083 696 1128 ιιι
717 1067 865 1150 tempore
879 1061 1042 1128 lobannis
1057 1084 1151 1151 papae
1166 1067 1210 1130 22
1225 1063 1363 1132 uotata¹
1377 1073 1445 1126 Ab.
1461 1083 1523 1128 1³52

321 1163 391 1230 Iste
414 1165 628 1232 Innocentius
650 1187 736 1254 papa
758 1171 863 1232 certos
885 1165 1011 1254 legatos
1033 1165 1199 1233 direxerat
1220 1168 1318 1234 ad
1286 1169 1365 1234 vrsi-
1376 1147 1467 1194 ”¹³⁶²

320 1268 459 1334 tandum
489 1274 600 1335 totum
632 1268 781 1336 ordinem
811 1272 964 1334 nostrum
997 1269 1254 1337 cisterciensem
1300 1269 1366 1351 Qui
1378 1235 1527 1418 Ξὲζὶῃ.

319 1371 452 1488 quidem
474 1371 610 1460 legati
595 1393 667 1458 Jam
688 1371 823 1438 visitare
844 1372 1044 1459 inceperant,
1061 1379 1096 1439 et
1118 1395 1248 1439 omnem
1270 1383 1412 1459 pecu-¹¹¹¹
1415 1369 1515 1486 58158ἱὲ

319 1473 411 1539 niam
426 1497 525 1561 quam
542 1482 737 1562 extorquere
759 1480 914 1563 poterant
927 1475 971 1542 ad
993 1497 1076 1563 opus
1093 1497 1186 1564 papas
1200 1476 1365 1542 levabant
1379 1435 1519 1552 50585888,
1515 1453 1529 1487 5

322 1574 430 1657 Unde,
453 1578 620 1645 mediante
649 1577 784 1644 domino
806 1579 956 1666 episcopo
979 1579 1163 1645 Tusculano
1187 1577 1439 1658 cardinali²⁰e
1379 1571 1459 1619 888858·

320 1680 487 1765 quondam
519 1680 601 1747 dicti
633 1680 759 1747 ordinis
792 1681 960 1760 monacho,
981 1703 1069 1768 papa
1102 1681 1209 1748 dictos
1241 1681 1330 1770 legat
1331 1705 1367 1748 os
1379 1645 1535 1768 miggin,

319 1783 495 1860 revocavit,
519 1783 677 1870 susceptis
711 1783 803 1870 prius
833 1782 983 1869 abipso
1016 1782 1132 1850 ordine
1154 1806 1214 1870 pro
1236 1805 1366 1850 revoca·
1379 1779 1483 1830 8585855

270 1893 274 1901 “
319 1884 411 1951 tione
441 1885 611 1973 praemissa
647 1907 706 1952 sex
737 1885 884 1952 millibus
917 1885 1123 1952 florenorum
1177 1885 1220 1950 In
1251 1861 1462 2002 ἀὶοῐιιιε55555
1466 1861 1500 1914 55

317 1987 383 2052 illis
383 1989 544 2074 ,quidam
566 1987 746 2055 sacerdos
738 2010 774 2052 ιιι
795 1987 993 2074 Hispania,
983 2010 1019 2052 ιιι
1041 1985 1180 2054 civitate
1201 1952 1460 2069 Sibilensi,jMtrac
1389 1957 1469 2074 niue
1469 1973 1520 2076 iile

318 2090 471 2156 vendidit
492 2090 621 2156 Judaeis
651 2090 774 2157 ibidem
806 2089 1085 2156 commorantibus
1114 2111 1230 2178 corpus
1253 2091 1367 2158 Domi·
1379 2035 1466 2141 58888·

318 2193 438 2272 uicum,
459 2215 519 2281 pro
543 2197 609 2260 300
631 2193 806 2272 florenis,
796 2215 832 2258 ru
862 2191 916 2258 die
946 2191 1148 2259 Parasceves
1194 2192 1260 2274 Qui
1283 2195 1367 2260 acei-

318 2297 446 2384 pientes
468 2296 595 2363 dictum
617 2317 735 2382 corpus
757 2295 794 2362 in
816 2295 926 2361 hostia
947 2300 1137 2362 consecrata
1157 2296 1367 2383 projecerunt

318 2399 401 2466 illud
445 2399 481 2464 in
520 2399 663 2486 quodam
699 2399 846 2465 maximo
882 2399 970 2485 igne,
1006 2403 1140 2486 propter
1176 2399 1239 2466 hoc
1275 2401 1366 2487 prius

317 2523 459 2580 accenso,
492 2502 529 2567 in
567 2500 711 2588 quadam
741 2501 852 2589 ampla
884 2502 983 2568 domo
1014 2501 1074 2567 ubi
1108 2523 1221 2568 omnes
1253 2502 1366 2570 Judaei

318 2610 550 2671 convenerunt
608 2605 654 2670 Et
687 2605 845 2672 continuo
882 2605 972 2693 ignis
1007 2604 1125 2671 cedens
1161 2611 1366 2674 sacramento

319 2707 435 2774 divisit
456 2729 491 2774 se
514 2707 551 2772 in
577 2712 645 2773 tres
666 2711 777 2794 partes
800 2713 835 2773 et
856 2728 973 2794 eorpus
996 2707 1208 2774 Dominicuru
1231 2709 1365 2777 omnino

318 2833 387 2877 uon
408 2809 630 2898 contingebat.
676 2809 722 2875 Et
755 2831 827 2876 ecca
858 2809 900 2876 de
931 2809 1014 2876 coelo
1048 2810 1177 2898 lapsum
1199 2811 1365 2898 quoddam

318 2914 566 2980 tabernaculum
601 2911 818 2980 cristallinum
853 2912 1088 3000 praetirigidum
1125 2921 1363 2981 sacramentum

318 3017 536 3083 circumdedit
567 3020 601 3083 et
635 3016 792 3083 contexit.
839 3016 913 3097 Quo
935 3016 1008 3081 viso
1037 3016 1204 3096 miraculo,
1228 3017 1364 3104 quddam

317 3120 467 3208 princeps
481 3119 505 3186 J
506 3119 677 3186 udeeorum
699 3119 783 3184 clam
805 3119 849 3184 ad
871 3118 1038 3184 ecelesiam
1052 3117 1148 3207 fugit,
1163 3118 1364 3205 baptismum

317 3221 416 3310 petiit
439 3225 473 3287 et
504 3220 636 3309 recepit,
660 3240 855 3306 omnemque
888 3221 936 3286 rei
970 3220 1087 3286 seriem
1108 3221 1308 3309 presbyteris
1331 3229 1366 3288 et

318 3324 442 3392 clericis
463 3324 501 3389 iu
523 3323 656 3391 ecclesia
677 3323 869 3411 baptizatus
891 3323 1059 3390 reseravit.
1105 3323 1162 3389 Illi
1183 3345 1268 3411 ergo,
1291 3347 1364 3390 curn

319 3427 466 3494 maxima
487 3427 706 3494 multitudine
730 3425 995 3494 Christianorum
1017 3426 1060 3492 ad
1083 3425 1208 3493 dictam
1230 3427 1365 3492 domurn

204 3539 211 3558 “
317 3535 496 3610 currentes,
519 3529 719 3597 invenerunt
750 3551 809 3617 per
842 3529 954 3594 omnia
985 3531 1071 3596 sicut
1093 3529 1219 3596 dictum
1250 3532 1365 3597 estad

316 3633 400 3700 illos.
454 3633 604 3718 Cumque
637 3631 904 3720 archipresbyter
935 3632 1086 3720 proprius
1117 3631 1292 3714 accederet,
1327 3639 1366 3699 ut

317 3737 427 3824 ipsum
458 3733 710 3802 tabernaculum
741 3734 933 3814 revolveret,
968 3734 1080 3802 subito
1117 3734 1365 3801 tabernaculum

319 3839 482 3926 disparuit
505 3843 540 3904 et
562 3837 816 3925 speciosissimus
838 3859 920 3925 puer
942 3838 1035 3923 quasi
1057 3837 1228 3904 anniculus
1242 3837 1365 3906 ibidem

312 3942 426 4029 jacens
449 3941 611 4030 appanrit.
657 3939 835 4027 Presbyter
868 3943 980 4005 autem
1011 3961 1151 4026 puerum
1179 3947 1367 4007 reverenter

318 4043 356 4111 in
376 4043 474 4111 ulnas
507 4043 696 4130 suscipione,
718 4043 762 4108 ad
793 4041 960 4109 ecclesiam
990 4041 1028 4107 in
1059 4047 1235 4130 conspectu
1261 4043 1365 4111 totius

317 4147 431 4237 populi
469 4146 667 4235 deportavit.
729 4145 814 4212 Cum
851 4165 930 4211 vero
967 4145 1076 4232 ipsum
1121 4166 1218 4232 super
1261 4147 1365 4212 altare

351 4343 455 4395 ¹Aster
463 4351 557 4406 mata,
568 4343 626 4408 Ipse
645 4349 728 4394 anum
743 4343 821 4392 Inno-
864 4341 1059 4392 feramentorum
1081 4343 1315 4406 ecclesiasticorum,
1342 4351 1366 4394 et

318 4422 417 4474 centius
438 4438 504 4488 papa
525 4422 619 4474 direxit
645 4422 742 4473 litteras
763 4435 821 4472 auae
865 4422 1259 4476 aliorumbonorumaduostrum
1268 4439 1367 4475 monas-

318 4502 403 4554 cbbati
414 4501 588 4564 coronatur,
600 4501 718 4567 quatinus
734 4507 822 4552 contra
865 4501 957 4553 terium
978 4503 1150 4568 spectantium,
1175 4511 1201 4556 et
1228 4505 1366 4555 occultoree

319 4583 462 4632 detentores
484 4581 647 4642 deeimarum,
670 4579 820 4639 reddituum,
866 4597 960 4645 eorum,
1006 4583 1144 4634 monitione
1195 4583 1364 4647 praemissa,-

321 4675 452 4720 censuuro,
468 4659 662 4725 possessionum,
691 4667 821 4722 terrarum,
866 4663 961 4721 erased,
973 4661 1030 4712 MS.

319 4740 460 4800 vinearum,
472 4739 610 4798 domorum,
624 4739 771 4804 legatorum,
784 4738 821 4788 in·
898 4742 909 4770 ²
926 4741 1018 4791 Nicolo
1038 4741 1155 4805 Capooci,
1176 4741 1295 4794 cardinal
1306 4743 1364 4795 Bis·

318 4823 515 4870 strrnnentornur
526 4815 690 4883 publicorum,
704 4817 822 4880 calicum,
866 4821 917 4885 hop
928 4821 957 4871 ol
970 4821 1114 4872 'fusculum
