<?xml version="1.0" encoding="UTF-8"?>
<!DOCTYPE html PUBLIC "-//W3C//DTD XHTML 1.0 Transitional//EN"
    "http://www.w3.org/TR/xhtml1/DTD/xhtml1-transitional.dtd">
<html xmlns="http://www.w3.org/1999/xhtml" xml:lang="en" lang="en">
 <head>
  <title>
</title>
<meta http-equiv="Content-Type" content="text/html;charset=utf-8" />
  <meta name='ocr-system' content='tesseract 3.04.00' />
  <meta name='ocr-capabilities' content='ocr_page ocr_carea ocr_par ocr_line ocrx_word'/>
</head>
<body>
  <div class='ocr_page' id='page_1' title='image "./chronicamonaste01thomgoog_0353.png"; bbox 0 0 3578 5874; ppageno 0'>
   <div class='ocr_carea' id='block_1_1' title="bbox 539 904 1352 967">
    <p class='ocr_par' dir='ltr' id='par_1_1' title="bbox 539 904 1352 967">
     <span class='ocr_line' id='line_1_1' title="bbox 539 904 1352 967; baseline 0.006 -5"><span class='ocrx_word' id='word_1_1' title='bbox 539 909 676 964; x_wconf 78' lang='lat' dir='ltr'><strong>rnouus</strong></span> <span class='ocrx_word' id='word_1_2' title='bbox 697 912 808 964; x_wconf 75' lang='lat' dir='ltr'><strong>Annas</strong></span> <span class='ocrx_word' id='word_1_3' title='bbox 830 913 946 964; x_wconf 79' lang='lat' dir='ltr'><strong>nouus</strong></span> <span class='ocrx_word' id='word_1_4' title='bbox 968 916 1129 967; x_wconf 80' lang='lat' dir='ltr'><strong>ruamus.</strong></span> <span class='ocrx_word' id='word_1_5' title='bbox 1287 904 1352 967; x_wconf 79' lang='lat'><strong>243</strong></span> 
     </span>
    </p>
   </div>
   <div class='ocr_carea' id='block_1_2' title="bbox 302 1083 1518 4565">
    <p class='ocr_par' dir='ltr' id='par_1_2' title="bbox 303 1083 1516 3129">
     <span class='ocr_line' id='line_1_2' title="bbox 309 1083 1507 1178; baseline 0.005 -28"><span class='ocrx_word' id='word_1_6' title='bbox 309 1083 412 1173; x_wconf 84' lang='lat' dir='ltr'><strong>egerit</strong></span> <span class='ocrx_word' id='word_1_7' title='bbox 433 1088 634 1174; x_wconf 87' lang='lat' dir='ltr'><strong>prodeamus.</strong></span> <span class='ocrx_word' id='word_1_8' title='bbox 673 1089 715 1154; x_wconf 93' lang='lat' dir='ltr'><strong>In</strong></span> <span class='ocrx_word' id='word_1_9' title='bbox 731 1089 811 1156; x_wconf 80' lang='lat' dir='ltr'><strong>viiia</strong></span> <span class='ocrx_word' id='word_1_10' title='bbox 831 1107 975 1176; x_wconf 89' lang='lat' dir='ltr'><strong>namque</strong></span> <span class='ocrx_word' id='word_1_11' title='bbox 998 1090 1038 1156; x_wconf 90' lang='lat' dir='ltr'><strong>de</strong></span> <span class='ocrx_word' id='word_1_12' title='bbox 1054 1089 1207 1178; x_wconf 84' lang='lat' dir='ltr'><strong>Waghna</strong></span> <span class='ocrx_word' id='word_1_13' title='bbox 1228 1089 1429 1156; x_wconf 76' lang='lat' dir='ltr'><strong>molen-Ab.</strong></span> <span class='ocrx_word' id='word_1_14' title='bbox 1444 1109 1507 1156; x_wconf 81' lang='lat' dir='ltr'><strong>issa</strong></span> 
     </span>
     <span class='ocr_line' id='line_1_3' title="bbox 309 1177 1496 1289; baseline 0.005 -37"><span class='ocrx_word' id='word_1_15' title='bbox 309 1189 424 1254; x_wconf 88' lang='lat' dir='ltr'><strong>diuum</strong></span> <span class='ocrx_word' id='word_1_16' title='bbox 462 1189 677 1257; x_wconf 87' lang='lat' dir='ltr'><strong>ventritieum</strong></span> <span class='ocrx_word' id='word_1_17' title='bbox 714 1191 836 1257; x_wconf 84' lang='lat' dir='ltr'><strong>ibidem</strong></span> <span class='ocrx_word' id='word_1_18' title='bbox 874 1191 915 1257; x_wconf 88' lang='lat' dir='ltr'><strong>de</strong></span> <span class='ocrx_word' id='word_1_19' title='bbox 952 1213 1039 1259; x_wconf 82' lang='lat' dir='ltr'><strong>novo</strong></span> <span class='ocrx_word' id='word_1_20' title='bbox 1076 1194 1252 1281; x_wconf 86' lang='lat' dir='ltr'><strong>reparavit.</strong></span> <span class='ocrx_word' id='word_1_21' title='bbox 1307 1192 1350 1258; x_wconf 92' lang='lat' dir='ltr'><strong>In</strong></span> <span class='ocrx_word' id='word_1_22' title='bbox 1360 1177 1496 1289; x_wconf 54' lang='lat' dir='ltr'><strong>ffignffl</strong></span> 
     </span>
     <span class='ocr_line' id='line_1_4' title="bbox 307 1291 1513 1380; baseline 0.006 -25"><span class='ocrx_word' id='word_1_23' title='bbox 307 1292 446 1378; x_wconf 86' lang='lat' dir='ltr'><strong>grangia</strong></span> <span class='ocrx_word' id='word_1_24' title='bbox 478 1311 607 1379; x_wconf 88' lang='lat' dir='ltr'><strong>quoque</strong></span> <span class='ocrx_word' id='word_1_25' title='bbox 640 1291 681 1358; x_wconf 87' lang='lat' dir='ltr'><strong>da</strong></span> <span class='ocrx_word' id='word_1_26' title='bbox 707 1293 845 1380; x_wconf 80' lang='lat' dir='ltr'><strong>Saltagh</strong></span> <span class='ocrx_word' id='word_1_27' title='bbox 873 1296 1040 1380; x_wconf 75' lang='lat' dir='ltr'>reparavit</span> <span class='ocrx_word' id='word_1_28' title='bbox 1073 1297 1183 1361; x_wconf 82' lang='lat' dir='ltr'><strong>aulam</strong></span> <span class='ocrx_word' id='word_1_29' title='bbox 1206 1304 1513 1374; x_wconf 74' lang='lat' dir='ltr'><strong>eamerae‚inWaahen.</strong></span> 
     </span>
     <span class='ocr_line' id='line_1_5' title="bbox 308 1383 1515 1515; baseline 0.007 -59"><span class='ocrx_word' id='word_1_30' title='bbox 308 1391 459 1458; x_wconf 88' lang='lat' dir='ltr'><strong>horreum</strong></span> <span class='ocrx_word' id='word_1_31' title='bbox 504 1400 539 1460; x_wconf 86' lang='lat' dir='ltr'><strong>et</strong></span> <span class='ocrx_word' id='word_1_32' title='bbox 572 1394 744 1476; x_wconf 87' lang='lat' dir='ltr'><strong>stabulam,</strong></span> <span class='ocrx_word' id='word_1_33' title='bbox 780 1395 816 1460; x_wconf 92' lang='lat' dir='ltr'><strong>in</strong></span> <span class='ocrx_word' id='word_1_34' title='bbox 849 1395 1038 1477; x_wconf 79' lang='lat' dir='ltr'><strong>maeramio‚²</strong></span> <span class='ocrx_word' id='word_1_35' title='bbox 1072 1403 1106 1463; x_wconf 88' lang='lat' dir='ltr'><strong>et</strong></span> <span class='ocrx_word' id='word_1_36' title='bbox 1142 1403 1278 1477; x_wconf 78' lang='lat' dir='ltr'><strong>tectura,</strong></span> <span class='ocrx_word' id='word_1_37' title='bbox 1311 1383 1515 1515; x_wconf 54' lang='lat' dir='ltr'><strong>aaglffiffl</strong></span> 
     </span>
     <span class='ocr_line' id='line_1_6' title="bbox 307 1496 1492 1594; baseline 0.007 -35"><span class='ocrx_word' id='word_1_38' title='bbox 307 1496 498 1562; x_wconf 89' lang='lat' dir='ltr'><strong>muratione.</strong></span> <span class='ocrx_word' id='word_1_39' title='bbox 544 1497 610 1563; x_wconf 80' lang='lat' dir='ltr'><strong>Sed</strong></span> <span class='ocrx_word' id='word_1_40' title='bbox 643 1501 678 1563; x_wconf 92' lang='lat' dir='ltr'><strong>et</strong></span> <span class='ocrx_word' id='word_1_41' title='bbox 708 1497 770 1564; x_wconf 90' lang='lat' dir='ltr'><strong>hoo</strong></span> <span class='ocrx_word' id='word_1_42' title='bbox 792 1497 856 1563; x_wconf 79' lang='lat' dir='ltr'><strong>ribi</strong></span> <span class='ocrx_word' id='word_1_43' title='bbox 886 1499 1027 1586; x_wconf 77' lang='lat' dir='ltr'><strong>contigit</strong></span> <span class='ocrx_word' id='word_1_44' title='bbox 1048 1502 1238 1586; x_wconf 70' lang='lat' dir='ltr'><strong>gratiosum,</strong></span> <span class='ocrx_word' id='word_1_45' title='bbox 1260 1500 1492 1594; x_wconf 55' lang='lat' dir='ltr'><strong>quodssepairos</strong></span> 
     </span>
     <span class='ocr_line' id='line_1_7' title="bbox 306 1595 1474 1713; baseline 0.009 -52"><span class='ocrx_word' id='word_1_46' title='bbox 306 1596 343 1660; x_wconf 93' lang='lat' dir='ltr'><strong>in</strong></span> <span class='ocrx_word' id='word_1_47' title='bbox 364 1598 480 1664; x_wconf 82' lang='lat' dir='ltr'><strong>diebus</strong></span> <span class='ocrx_word' id='word_1_48' title='bbox 511 1599 581 1686; x_wconf 89' lang='lat' dir='ltr'><strong>ejus</strong></span> <span class='ocrx_word' id='word_1_49' title='bbox 612 1600 720 1666; x_wconf 86' lang='lat' dir='ltr'><strong>nullas</strong></span> <span class='ocrx_word' id='word_1_50' title='bbox 753 1600 871 1666; x_wconf 85' lang='lat' dir='ltr'><strong>effudit</strong></span> <span class='ocrx_word' id='word_1_51' title='bbox 903 1623 1062 1690; x_wconf 86' lang='lat' dir='ltr'><strong>expensas</strong></span> <span class='ocrx_word' id='word_1_52' title='bbox 1092 1621 1151 1690; x_wconf 90' lang='lat' dir='ltr'><strong>pro</strong></span> <span class='ocrx_word' id='word_1_53' title='bbox 1183 1604 1349 1691; x_wconf 81' lang='lat' dir='ltr'><strong>aliquibus</strong></span> <span class='ocrx_word' id='word_1_54' title='bbox 1359 1595 1474 1713; x_wconf 55' lang='lat' dir='ltr'><strong>ffiffltd</strong></span> 
     </span>
     <span class='ocr_line' id='line_1_8' title="bbox 306 1678 1475 1794; baseline 0.009 -31"><span class='ocrx_word' id='word_1_55' title='bbox 306 1700 424 1765; x_wconf 66' lang='lat' dir='ltr'><strong>vanus</strong></span> <span class='ocrx_word' id='word_1_56' title='bbox 447 1701 523 1766; x_wconf 59' lang='lat' dir='ltr'><strong>*va</strong></span> <span class='ocrx_word' id='word_1_57' title='bbox 553 1702 659 1767; x_wconf 72' lang='lat' dir='ltr'><strong>valvus</strong></span> <span class='ocrx_word' id='word_1_58' title='bbox 691 1703 885 1782; x_wconf 70' lang='lat' dir='ltr'><strong>maritimis:</strong></span> <span class='ocrx_word' id='word_1_59' title='bbox 916 1705 972 1771; x_wconf 76' lang='lat' dir='ltr'><strong>vel</strong></span> <span class='ocrx_word' id='word_1_60' title='bbox 1003 1706 1168 1792; x_wconf 72' lang='lat' dir='ltr'><strong>aliquibus</strong></span> <span class='ocrx_word' id='word_1_61' title='bbox 1190 1707 1265 1772; x_wconf 74' lang='lat' dir='ltr'><strong>aua</strong></span> <span class='ocrx_word' id='word_1_62' title='bbox 1286 1678 1475 1794; x_wconf 46' lang='lat' dir='ltr'><strong>uui-sudu.</strong></span> 
     </span>
     <span class='ocr_line' id='line_1_9' title="bbox 306 1803 1476 1892; baseline 0.006 -25"><span class='ocrx_word' id='word_1_63' title='bbox 306 1803 380 1868; x_wconf 90' lang='lat' dir='ltr'><strong>dem</strong></span> <span class='ocrx_word' id='word_1_64' title='bbox 406 1805 596 1891; x_wconf 79' lang='lat' dir='ltr'><strong>reparandis</strong></span> <span class='ocrx_word' id='word_1_65' title='bbox 619 1827 686 1892; x_wconf 87' lang='lat' dir='ltr'><strong>prae</strong></span> <span class='ocrx_word' id='word_1_66' title='bbox 709 1806 926 1872; x_wconf 89' lang='lat' dir='ltr'><strong>inundatione</strong></span> <span class='ocrx_word' id='word_1_67' title='bbox 949 1807 1131 1888; x_wconf 75' lang='lat' dir='ltr'><strong>Humbrire,</strong></span> <span class='ocrx_word' id='word_1_68' title='bbox 1154 1810 1240 1876; x_wconf 87' lang='lat' dir='ltr'><strong>siout</strong></span> <span class='ocrx_word' id='word_1_69' title='bbox 1261 1811 1350 1877; x_wconf 83' lang='lat' dir='ltr'><strong>soliti</strong></span> <span class='ocrx_word' id='word_1_70' title='bbox 1359 1807 1476 1874; x_wconf 75' lang='lat' dir='ltr'><strong>Nothing</strong></span> 
     </span>
     <span class='ocr_line' id='line_1_10' title="bbox 305 1876 1500 1999; baseline 0.005 -27"><span class='ocrx_word' id='word_1_71' title='bbox 305 1911 383 1973; x_wconf 86' lang='lat' dir='ltr'><strong>eunt</strong></span> <span class='ocrx_word' id='word_1_72' title='bbox 405 1927 494 1974; x_wconf 88' lang='lat' dir='ltr'><strong>nune</strong></span> <span class='ocrx_word' id='word_1_73' title='bbox 526 1908 675 1974; x_wconf 89' lang='lat' dir='ltr'><strong>moderni</strong></span> <span class='ocrx_word' id='word_1_74' title='bbox 706 1910 795 1996; x_wconf 88' lang='lat' dir='ltr'><strong>apud</strong></span> <span class='ocrx_word' id='word_1_75' title='bbox 818 1907 1078 1999; x_wconf 84' lang='lat' dir='ltr'><strong>Tharlesthorpe.</strong></span> <span class='ocrx_word' id='word_1_76' title='bbox 1123 1912 1250 1999; x_wconf 87' lang='lat' dir='ltr'><strong>Itaque,</strong></span> <span class='ocrx_word' id='word_1_77' title='bbox 1274 1876 1500 1992; x_wconf 54' lang='lat' dir='ltr'><strong>eumgffidppa</strong></span> 
     </span>
     <span class='ocr_line' id='line_1_11' title="bbox 304 2007 1438 2082; baseline 0.004 -7"><span class='ocrx_word' id='word_1_78' title='bbox 304 2009 540 2078; x_wconf 87' lang='lat' dir='ltr'><strong>inundationes</strong></span> <span class='ocrx_word' id='word_1_79' title='bbox 574 2011 680 2078; x_wconf 88' lang='lat' dir='ltr'><strong>solitae</strong></span> <span class='ocrx_word' id='word_1_80' title='bbox 713 2011 888 2077; x_wconf 81' lang='lat' dir='ltr'><strong>Humbriae</strong></span> <span class='ocrx_word' id='word_1_81' title='bbox 921 2017 1027 2079; x_wconf 80' lang='lat' dir='ltr'><strong>terras</strong></span> <span class='ocrx_word' id='word_1_82' title='bbox 1064 2019 1193 2081; x_wconf 83' lang='lat' dir='ltr'><strong>nostras</strong></span> <span class='ocrx_word' id='word_1_83' title='bbox 1225 2015 1348 2082; x_wconf 86' lang='lat' dir='ltr'><strong>ibidem</strong></span> <span class='ocrx_word' id='word_1_84' title='bbox 1359 2007 1438 2058; x_wconf 67' lang='lat'>&#39;⁸¹¹⁸-</span> 
     </span>
     <span class='ocr_line' id='line_1_12' title="bbox 305 2086 1510 2218; baseline 0.006 -40"><span class='ocrx_word' id='word_1_85' title='bbox 305 2111 535 2179; x_wconf 85' lang='lat' dir='ltr'><strong>miaerabiliter</strong></span> <span class='ocrx_word' id='word_1_86' title='bbox 572 2115 792 2192; x_wconf 88' lang='lat' dir='ltr'><strong>devastarent,</strong></span> <span class='ocrx_word' id='word_1_87' title='bbox 830 2115 899 2200; x_wconf 82' lang='lat' dir='ltr'><strong>ipse</strong></span> <span class='ocrx_word' id='word_1_88' title='bbox 940 2113 1042 2180; x_wconf 86' lang='lat' dir='ltr'><strong>abbae</strong></span> <span class='ocrx_word' id='word_1_89' title='bbox 1079 2137 1180 2182; x_wconf 88' lang='lat' dir='ltr'><strong>unam</strong></span> <span class='ocrx_word' id='word_1_90' title='bbox 1217 2118 1348 2184; x_wconf 85' lang='lat' dir='ltr'><strong>valvam</strong></span> <span class='ocrx_word' id='word_1_91' title='bbox 1360 2086 1510 2218; x_wconf 37' lang='grc' dir='ltr'><strong>,ᾖξ’</strong></span> 
     </span>
     <span class='ocr_line' id='line_1_13' title="bbox 303 2215 1488 2286; baseline 0.002 -4"><span class='ocrx_word' id='word_1_92' title='bbox 303 2217 504 2282; x_wconf 72' lang='lat' dir='ltr'><strong>maritimam</strong></span> <span class='ocrx_word' id='word_1_93' title='bbox 538 2215 579 2281; x_wconf 89' lang='lat' dir='ltr'><strong>de</strong></span> <span class='ocrx_word' id='word_1_94' title='bbox 609 2236 697 2282; x_wconf 89' lang='lat' dir='ltr'><strong>novo</strong></span> <span class='ocrx_word' id='word_1_95' title='bbox 731 2216 855 2282; x_wconf 83' lang='lat' dir='ltr'><strong>ibidem</strong></span> <span class='ocrx_word' id='word_1_96' title='bbox 884 2215 1060 2283; x_wconf 88' lang='lat' dir='ltr'><strong>renovavit</strong></span> <span class='ocrx_word' id='word_1_97' title='bbox 1092 2239 1130 2284; x_wconf 83' lang='lat' dir='ltr'><strong>ao</strong></span> <span class='ocrx_word' id='word_1_98' title='bbox 1159 2221 1488 2286; x_wconf 65' lang='lat' dir='ltr'><strong>tenentibueamtea</strong></span> 
     </span>
     <span class='ocr_line' id='line_1_14' title="bbox 303 2307 1479 2418; baseline 0.004 -34"><span class='ocrx_word' id='word_1_99' title='bbox 303 2319 426 2386; x_wconf 89' lang='lat' dir='ltr'><strong>ibidem</strong></span> <span class='ocrx_word' id='word_1_100' title='bbox 441 2324 545 2385; x_wconf 86' lang='lat' dir='ltr'><strong>terrae</strong></span> <span class='ocrx_word' id='word_1_101' title='bbox 566 2323 696 2384; x_wconf 87' lang='lat' dir='ltr'><strong>nostras</strong></span> <span class='ocrx_word' id='word_1_102' title='bbox 718 2318 848 2398; x_wconf 83' lang='lat' dir='ltr'><strong>locavit,</strong></span> <span class='ocrx_word' id='word_1_103' title='bbox 862 2319 913 2384; x_wconf 87' lang='lat' dir='ltr'><strong>ita</strong></span> <span class='ocrx_word' id='word_1_104' title='bbox 934 2324 974 2386; x_wconf 91' lang='lat' dir='ltr'><strong>ut</strong></span> <span class='ocrx_word' id='word_1_105' title='bbox 996 2325 1223 2388; x_wconf 88' lang='lat' dir='ltr'><strong>sustentarent</strong></span> <span class='ocrx_word' id='word_1_106' title='bbox 1245 2323 1350 2389; x_wconf 85' lang='lat' dir='ltr'><strong>dictas</strong></span> <span class='ocrx_word' id='word_1_107' title='bbox 1360 2307 1479 2418; x_wconf 45' lang='lat' dir='ltr'><strong>⁸5²1,ss</strong></span> 
     </span>
     <span class='ocr_line' id='line_1_15' title="bbox 306 2421 1455 2497; baseline 0.007 -9"><span class='ocrx_word' id='word_1_108' title='bbox 306 2421 419 2488; x_wconf 87' lang='lat' dir='ltr'><strong>valvas</strong></span> <span class='ocrx_word' id='word_1_109' title='bbox 456 2421 639 2487; x_wconf 85' lang='lat' dir='ltr'><strong>maritimae</strong></span> <span class='ocrx_word' id='word_1_110' title='bbox 670 2425 704 2487; x_wconf 90' lang='lat' dir='ltr'><strong>et</strong></span> <span class='ocrx_word' id='word_1_111' title='bbox 735 2422 934 2488; x_wconf 86' lang='lat' dir='ltr'><strong>monasterio</strong></span> <span class='ocrx_word' id='word_1_112' title='bbox 965 2421 1143 2490; x_wconf 82' lang='lat' dir='ltr'><strong>redderent</strong></span> <span class='ocrx_word' id='word_1_113' title='bbox 1173 2425 1349 2492; x_wconf 73' lang='lat' dir='ltr'><strong>annuatim</strong></span> <span class='ocrx_word' id='word_1_114' title='bbox 1360 2431 1455 2497; x_wconf 80' lang='lat' dir='ltr'><strong>thorpe</strong></span> 
     </span>
     <span class='ocr_line' id='line_1_16' title="bbox 305 2523 1478 2616; baseline -0.004 -24"><span class='ocrx_word' id='word_1_115' title='bbox 305 2529 348 2592; x_wconf 80' lang='lat'><strong>20</strong></span> <span class='ocrx_word' id='word_1_116' title='bbox 373 2525 538 2613; x_wconf 87' lang='lat' dir='ltr'><strong>quarteria</strong></span> <span class='ocrx_word' id='word_1_117' title='bbox 559 2523 725 2590; x_wconf 81' lang='lat' dir='ltr'><strong>frumenti.</strong></span> <span class='ocrx_word' id='word_1_118' title='bbox 771 2523 835 2590; x_wconf 88' lang='lat' dir='ltr'><strong>Sed</strong></span> <span class='ocrx_word' id='word_1_119' title='bbox 858 2547 926 2592; x_wconf 91' lang='lat' dir='ltr'><strong>non</strong></span> <span class='ocrx_word' id='word_1_120' title='bbox 948 2525 1054 2592; x_wconf 87' lang='lat' dir='ltr'><strong>multo</strong></span> <span class='ocrx_word' id='word_1_121' title='bbox 1077 2531 1151 2616; x_wconf 87' lang='lat' dir='ltr'><strong>post</strong></span> <span class='ocrx_word' id='word_1_122' title='bbox 1173 2527 1241 2614; x_wconf 87' lang='lat' dir='ltr'><strong>ipae</strong></span> <span class='ocrx_word' id='word_1_123' title='bbox 1265 2527 1349 2594; x_wconf 89' lang='lat' dir='ltr'><strong>situs</strong></span> <span class='ocrx_word' id='word_1_124' title='bbox 1361 2533 1478 2588; x_wconf 68' lang='lat' dir='ltr'><strong>Tharlee</strong></span> 
     </span>
     <span class='ocr_line' id='line_1_17' title="bbox 304 2604 1455 2736; baseline 0.003 -43"><span class='ocrx_word' id='word_1_125' title='bbox 304 2629 449 2716; x_wconf 71' lang='lat' dir='ltr'><strong>grangia</strong></span> <span class='ocrx_word' id='word_1_126' title='bbox 482 2632 605 2694; x_wconf 84' lang='lat' dir='ltr'><strong>nostrae</strong></span> <span class='ocrx_word' id='word_1_127' title='bbox 637 2625 677 2694; x_wconf 90' lang='lat' dir='ltr'><strong>de</strong></span> <span class='ocrx_word' id='word_1_128' title='bbox 707 2625 961 2712; x_wconf 83' lang='lat' dir='ltr'><strong>Tharlesthorpe</strong></span> <span class='ocrx_word' id='word_1_129' title='bbox 985 2625 1158 2696; x_wconf 84' lang='lat' dir='ltr'><strong>Humbriae</strong></span> <span class='ocrx_word' id='word_1_130' title='bbox 1192 2604 1455 2736; x_wconf 49' lang='lat' dir='ltr'><strong>eontinuassffl</strong></span> 
     </span>
     <span class='ocr_line' id='line_1_18' title="bbox 303 2728 1516 2818; baseline 0.002 -23"><span class='ocrx_word' id='word_1_131' title='bbox 303 2729 566 2797; x_wconf 87' lang='lat' dir='ltr'><strong>reverberatione</strong></span> <span class='ocrx_word' id='word_1_132' title='bbox 582 2728 715 2795; x_wconf 90' lang='lat' dir='ltr'><strong>omnino</strong></span> <span class='ocrx_word' id='word_1_133' title='bbox 738 2728 866 2796; x_wconf 88' lang='lat' dir='ltr'><strong>deletus</strong></span> <span class='ocrx_word' id='word_1_134' title='bbox 889 2735 947 2810; x_wconf 89' lang='lat' dir='ltr'><strong>est,</strong></span> <span class='ocrx_word' id='word_1_135' title='bbox 962 2729 1099 2818; x_wconf 87' lang='lat' dir='ltr'><strong>ipsaque</strong></span> <span class='ocrx_word' id='word_1_136' title='bbox 1120 2731 1217 2798; x_wconf 89' lang='lat' dir='ltr'><strong>firma</strong></span> <span class='ocrx_word' id='word_1_137' title='bbox 1238 2755 1350 2800; x_wconf 89' lang='lat' dir='ltr'><strong>annua</strong></span> <span class='ocrx_word' id='word_1_138' title='bbox 1360 2737 1466 2788; x_wconf 74' lang='lat' dir='ltr'><strong>covered</strong></span> <span class='ocrx_word' id='word_1_139' title='bbox 1481 2738 1516 2806; x_wconf 76' lang='lat' dir='ltr'><strong>br</strong></span> 
     </span>
     <span class='ocr_line' id='line_1_19' title="bbox 305 2803 1462 2924; baseline 0.003 -26"><span class='ocrx_word' id='word_1_140' title='bbox 305 2837 348 2898; x_wconf 81' lang='lat'><strong>20</strong></span> <span class='ocrx_word' id='word_1_141' title='bbox 371 2833 612 2920; x_wconf 85' lang='lat' dir='ltr'><strong>quarteriorum</strong></span> <span class='ocrx_word' id='word_1_142' title='bbox 644 2831 805 2898; x_wconf 83' lang='lat' dir='ltr'><strong>frumenti</strong></span> <span class='ocrx_word' id='word_1_143' title='bbox 836 2831 1017 2898; x_wconf 83' lang='lat' dir='ltr'><strong>adnullata</strong></span> <span class='ocrx_word' id='word_1_144' title='bbox 1064 2831 1181 2920; x_wconf 88' lang='lat' dir='ltr'><strong>Sioque</strong></span> <span class='ocrx_word' id='word_1_145' title='bbox 1212 2837 1350 2924; x_wconf 82' lang='lat' dir='ltr'><strong>grangia</strong></span> <span class='ocrx_word' id='word_1_146' title='bbox 1359 2803 1402 2856; x_wconf 49' lang='grc' dir='ltr'><strong>ὼε</strong></span> <span class='ocrx_word' id='word_1_147' title='bbox 1413 2819 1462 2856; x_wconf 64' lang='lat'><strong>&#39;⁹⁸&#39;</strong></span> 
     </span>
     <span class='ocr_line' id='line_1_20' title="bbox 303 2937 1349 3028; baseline 0.004 -24"><span class='ocrx_word' id='word_1_148' title='bbox 303 2941 382 3028; x_wconf 88' lang='lat' dir='ltr'><strong>ipsa,</strong></span> <span class='ocrx_word' id='word_1_149' title='bbox 407 2961 481 3026; x_wconf 83' lang='lat' dir='ltr'><strong>quae</strong></span> <span class='ocrx_word' id='word_1_150' title='bbox 513 2939 593 3006; x_wconf 88' lang='lat' dir='ltr'><strong>olim</strong></span> <span class='ocrx_word' id='word_1_151' title='bbox 615 2937 814 3004; x_wconf 81' lang='lat' dir='ltr'><strong>monasterio</strong></span> <span class='ocrx_word' id='word_1_152' title='bbox 840 2942 953 3004; x_wconf 84' lang='lat' dir='ltr'><strong>nostro</strong></span> <span class='ocrx_word' id='word_1_153' title='bbox 976 2938 1012 3004; x_wconf 89' lang='lat' dir='ltr'><strong>in</strong></span> <span class='ocrx_word' id='word_1_154' title='bbox 1035 2937 1186 3026; x_wconf 87' lang='lat' dir='ltr'><strong>pluribus</strong></span> <span class='ocrx_word' id='word_1_155' title='bbox 1208 2963 1349 3008; x_wconf 87' lang='lat' dir='ltr'><strong>eommo-</strong></span> 
     </span>
     <span class='ocr_line' id='line_1_21' title="bbox 303 3039 1350 3129; baseline 0.003 -21"><span class='ocrx_word' id='word_1_156' title='bbox 303 3043 464 3108; x_wconf 89' lang='lat' dir='ltr'><strong>ditatibus</strong></span> <span class='ocrx_word' id='word_1_157' title='bbox 486 3039 715 3129; x_wconf 87' lang='lat' dir='ltr'><strong>respondebat,</strong></span> <span class='ocrx_word' id='word_1_158' title='bbox 737 3061 826 3106; x_wconf 85' lang='lat' dir='ltr'><strong>nuno</strong></span> <span class='ocrx_word' id='word_1_159' title='bbox 857 3039 927 3106; x_wconf 85' lang='lat' dir='ltr'><strong>sine</strong></span> <span class='ocrx_word' id='word_1_160' title='bbox 949 3061 1006 3128; x_wconf 90' lang='lat' dir='ltr'><strong>spe</strong></span> <span class='ocrx_word' id='word_1_161' title='bbox 1027 3041 1222 3110; x_wconf 85' lang='lat' dir='ltr'><strong>reversionis</strong></span> <span class='ocrx_word' id='word_1_162' title='bbox 1243 3042 1350 3111; x_wconf 84' lang='lat' dir='ltr'><strong>fiunti-</strong></span> 
     </span>
    </p>

    <p class='ocr_par' dir='ltr' id='par_1_3' title="bbox 303 3141 1518 3642">
     <span class='ocr_line' id='line_1_22' title="bbox 303 3141 1516 3233; baseline -0.002 -23"><span class='ocrx_word' id='word_1_163' title='bbox 303 3145 367 3211; x_wconf 87' lang='lat' dir='ltr'><strong>bus</strong></span> <span class='ocrx_word' id='word_1_164' title='bbox 389 3148 439 3212; x_wconf 87' lang='lat' dir='ltr'><strong>est</strong></span> <span class='ocrx_word' id='word_1_165' title='bbox 462 3150 583 3232; x_wconf 86' lang='lat' dir='ltr'><strong>operta.</strong></span> <span class='ocrx_word' id='word_1_166' title='bbox 628 3141 671 3208; x_wconf 92' lang='lat' dir='ltr'><strong>In</strong></span> <span class='ocrx_word' id='word_1_167' title='bbox 701 3143 775 3208; x_wconf 88' lang='lat' dir='ltr'><strong>aliis</strong></span> <span class='ocrx_word' id='word_1_168' title='bbox 797 3163 876 3208; x_wconf 87' lang='lat' dir='ltr'><strong>vero</strong></span> <span class='ocrx_word' id='word_1_169' title='bbox 898 3141 976 3208; x_wconf 86' lang='lat' dir='ltr'><strong>loeis</strong></span> <span class='ocrx_word' id='word_1_170' title='bbox 999 3142 1065 3208; x_wconf 93' lang='lat' dir='ltr'><strong>duo</strong></span> <span class='ocrx_word' id='word_1_171' title='bbox 1088 3145 1232 3233; x_wconf 75' lang='lat' dir='ltr'><strong>eottugia</strong></span> <span class='ocrx_word' id='word_1_172' title='bbox 1253 3169 1349 3212; x_wconf 88' lang='lat' dir='ltr'><strong>reno·</strong></span> <span class='ocrx_word' id='word_1_173' title='bbox 1361 3156 1516 3224; x_wconf 69' lang='lat' dir='ltr'><strong>Corragum</strong></span> 
     </span>
     <span class='ocr_line' id='line_1_23' title="bbox 303 3223 1516 3342; baseline 0.001 -28"><span class='ocrx_word' id='word_1_174' title='bbox 303 3248 408 3329; x_wconf 76' lang='lat' dir='ltr'><strong>ravit,</strong></span> <span class='ocrx_word' id='word_1_175' title='bbox 431 3247 593 3326; x_wconf 82' lang='lat' dir='ltr'><strong>videlicet,</strong></span> <span class='ocrx_word' id='word_1_176' title='bbox 615 3246 652 3310; x_wconf 91' lang='lat' dir='ltr'><strong>in</strong></span> <span class='ocrx_word' id='word_1_177' title='bbox 675 3243 984 3333; x_wconf 82' lang='lat' dir='ltr'><strong>Otringhammersk</strong></span> <span class='ocrx_word' id='word_1_178' title='bbox 1019 3267 1123 3312; x_wconf 90' lang='lat' dir='ltr'><strong>unum</strong></span> <span class='ocrx_word' id='word_1_179' title='bbox 1156 3223 1516 3342; x_wconf 51' lang='lat' dir='ltr'><strong>eouagiumfflgmh</strong></span> 
     </span>
     <span class='ocr_line' id='line_1_24' title="bbox 303 3347 1505 3432; baseline 0 -16"><span class='ocrx_word' id='word_1_180' title='bbox 303 3351 340 3416; x_wconf 88' lang='lat' dir='ltr'><strong>in</strong></span> <span class='ocrx_word' id='word_1_181' title='bbox 363 3349 654 3416; x_wconf 86' lang='lat' dir='ltr'><strong>Horneseburtona</strong></span> <span class='ocrx_word' id='word_1_182' title='bbox 675 3369 777 3412; x_wconf 90' lang='lat' dir='ltr'><strong>unam</strong></span> <span class='ocrx_word' id='word_1_183' title='bbox 807 3369 929 3414; x_wconf 88' lang='lat' dir='ltr'><strong>novam</strong></span> <span class='ocrx_word' id='word_1_184' title='bbox 962 3347 1106 3432; x_wconf 84' lang='lat' dir='ltr'><strong>domum,</strong></span> <span class='ocrx_word' id='word_1_185' title='bbox 1139 3355 1174 3416; x_wconf 88' lang='lat' dir='ltr'><strong>et</strong></span> <span class='ocrx_word' id='word_1_186' title='bbox 1207 3351 1243 3416; x_wconf 92' lang='lat' dir='ltr'><strong>in</strong></span> <span class='ocrx_word' id='word_1_187' title='bbox 1273 3351 1348 3418; x_wconf 84' lang='lat' dir='ltr'><strong>aliia</strong></span> <span class='ocrx_word' id='word_1_188' title='bbox 1360 3357 1505 3407; x_wconf 75' lang='lat' dir='ltr'><strong>munoru-</strong></span> 
     </span>
     <span class='ocr_line' id='line_1_25' title="bbox 303 3423 1518 3539; baseline 0.002 -21"><span class='ocrx_word' id='word_1_189' title='bbox 303 3451 477 3518; x_wconf 66' lang='lat' dir='ltr'><strong>⁸minutis‘</strong></span> <span class='ocrx_word' id='word_1_190' title='bbox 500 3449 766 3539; x_wconf 79' lang='lat' dir='ltr'><strong>reparationibus</strong></span> <span class='ocrx_word' id='word_1_191' title='bbox 796 3450 834 3515; x_wconf 91' lang='lat' dir='ltr'><strong>in</strong></span> <span class='ocrx_word' id='word_1_192' title='bbox 864 3451 1012 3538; x_wconf 79' lang='lat' dir='ltr'><strong>grangiis</strong></span> <span class='ocrx_word' id='word_1_193' title='bbox 1045 3458 1080 3518; x_wconf 87' lang='lat' dir='ltr'><strong>et</strong></span> <span class='ocrx_word' id='word_1_194' title='bbox 1110 3451 1189 3519; x_wconf 85' lang='lat' dir='ltr'><strong>loeis</strong></span> <span class='ocrx_word' id='word_1_195' title='bbox 1220 3423 1518 3520; x_wconf 57' lang='lat' dir='ltr'><strong>monas-”Bm</strong></span> 
     </span>
     <span class='ocr_line' id='line_1_26' title="bbox 303 3552 1348 3642; baseline 0.001 -21"><span class='ocrx_word' id='word_1_196' title='bbox 303 3557 387 3622; x_wconf 82' lang='lat' dir='ltr'><strong>tario</strong></span> <span class='ocrx_word' id='word_1_197' title='bbox 416 3553 658 3642; x_wconf 82' lang='lat' dir='ltr'><strong>pertinentibus</strong></span> <span class='ocrx_word' id='word_1_198' title='bbox 690 3552 852 3641; x_wconf 83' lang='lat' dir='ltr'><strong>expendit</strong></span> <span class='ocrx_word' id='word_1_199' title='bbox 873 3552 958 3638; x_wconf 59' lang='lat' dir='ltr'><strong>iiijn.</strong></span> <span class='ocrx_word' id='word_1_200' title='bbox 981 3553 1093 3632; x_wconf 82' lang='lat' dir='ltr'><strong>librae,</strong></span> <span class='ocrx_word' id='word_1_201' title='bbox 1115 3576 1194 3622; x_wconf 83' lang='lat' dir='ltr'>xxv.</span> <span class='ocrx_word' id='word_1_202' title='bbox 1217 3555 1348 3634; x_wconf 88' lang='lat' dir='ltr'><strong>solidos,</strong></span> 
     </span>
    </p>

    <p class='ocr_par' dir='ltr' id='par_1_4' title="bbox 302 3655 1491 3948">
     <span class='ocr_line' id='line_1_27' title="bbox 302 3655 1491 3746; baseline 0.003 -22"><span class='ocrx_word' id='word_1_203' title='bbox 302 3659 348 3746; x_wconf 90' lang='lat' dir='ltr'><strong>iij.</strong></span> <span class='ocrx_word' id='word_1_204' title='bbox 381 3657 538 3726; x_wconf 76' lang='lat' dir='ltr'><strong>denarios</strong></span> <span class='ocrx_word' id='word_1_205' title='bbox 595 3656 695 3744; x_wconf 85' lang='lat' dir='ltr'><strong>Apud</strong></span> <span class='ocrx_word' id='word_1_206' title='bbox 727 3655 900 3722; x_wconf 86' lang='lat' dir='ltr'><strong>Wharrom</strong></span> <span class='ocrx_word' id='word_1_207' title='bbox 934 3677 1065 3744; x_wconf 90' lang='lat' dir='ltr'><strong>quoque</strong></span> <span class='ocrx_word' id='word_1_208' title='bbox 1095 3679 1196 3724; x_wconf 89' lang='lat' dir='ltr'><strong>unam</strong></span> <span class='ocrx_word' id='word_1_209' title='bbox 1226 3681 1347 3727; x_wconf 88' lang='lat' dir='ltr'><strong>novam</strong></span> <span class='ocrx_word' id='word_1_210' title='bbox 1361 3676 1491 3742; x_wconf 72' lang='lat' dir='ltr'><strong>Bermary</strong></span> 
     </span>
     <span class='ocr_line' id='line_1_28' title="bbox 303 3745 1491 3862; baseline 0.002 -36"><span class='ocrx_word' id='word_1_211' title='bbox 303 3759 515 3840; x_wconf 80' lang='lat' dir='ltr'><strong>bercheriam,</strong></span> <span class='ocrx_word' id='word_1_212' title='bbox 546 3758 641 3824; x_wconf 56' lang='lat' dir='ltr'><strong>vitiu</strong></span> <span class='ocrx_word' id='word_1_213' title='bbox 671 3759 792 3846; x_wconf 90' lang='lat' dir='ltr'><strong>pedum</strong></span> <span class='ocrx_word' id='word_1_214' title='bbox 823 3757 860 3822; x_wconf 92' lang='lat' dir='ltr'><strong>in</strong></span> <span class='ocrx_word' id='word_1_215' title='bbox 891 3757 1107 3846; x_wconf 85' lang='lat' dir='ltr'><strong>longitudine,</strong></span> <span class='ocrx_word' id='word_1_216' title='bbox 1140 3781 1200 3847; x_wconf 89' lang='lat' dir='ltr'><strong>pro</strong></span> <span class='ocrx_word' id='word_1_217' title='bbox 1231 3763 1348 3828; x_wconf 88' lang='lat' dir='ltr'><strong>ovibus</strong></span> <span class='ocrx_word' id='word_1_218' title='bbox 1360 3745 1491 3862; x_wconf 56' lang='lat' dir='ltr'><strong>fflff&#39;</strong></span> 
     </span>
     <span class='ocr_line' id='line_1_29' title="bbox 303 3857 1348 3948; baseline 0.001 -20"><span class='ocrx_word' id='word_1_219' title='bbox 303 3861 495 3928; x_wconf 80' lang='lat' dir='ltr'><strong>matricibus</strong></span> <span class='ocrx_word' id='word_1_220' title='bbox 517 3861 641 3928; x_wconf 88' lang='lat' dir='ltr'><strong>ibidem</strong></span> <span class='ocrx_word' id='word_1_221' title='bbox 663 3857 882 3948; x_wconf 76' lang='lat' dir='ltr'><strong>hyemandis²</strong></span> <span class='ocrx_word' id='word_1_222' title='bbox 903 3861 1081 3929; x_wconf 86' lang='lat' dir='ltr'><strong>ordinavit</strong></span> <span class='ocrx_word' id='word_1_223' title='bbox 1121 3863 1348 3930; x_wconf 88' lang='lat' dir='ltr'><strong>Molendinum</strong></span> 
     </span>
    </p>

    <p class='ocr_par' dir='ltr' id='par_1_5' title="bbox 303 3963 1475 4258">
     <span class='ocr_line' id='line_1_30' title="bbox 303 3963 1349 4054; baseline 0.003 -24"><span class='ocrx_word' id='word_1_224' title='bbox 303 3966 426 4032; x_wconf 90' lang='lat' dir='ltr'><strong>ibidem</strong></span> <span class='ocrx_word' id='word_1_225' title='bbox 460 3966 502 4032; x_wconf 90' lang='lat' dir='ltr'><strong>de</strong></span> <span class='ocrx_word' id='word_1_226' title='bbox 535 3987 622 4030; x_wconf 90' lang='lat' dir='ltr'><strong>novo</strong></span> <span class='ocrx_word' id='word_1_227' title='bbox 655 3964 837 4030; x_wconf 85' lang='lat' dir='ltr'><strong>renovavit.</strong></span> <span class='ocrx_word' id='word_1_228' title='bbox 884 3963 1113 4030; x_wconf 86' lang='lat' dir='ltr'><strong>Molendinum</strong></span> <span class='ocrx_word' id='word_1_229' title='bbox 1139 3966 1274 4054; x_wconf 83' lang='lat' dir='ltr'><strong>insuper</strong></span> <span class='ocrx_word' id='word_1_230' title='bbox 1307 3967 1349 4033; x_wconf 88' lang='lat' dir='ltr'><strong>de</strong></span> 
     </span>
     <span class='ocr_line' id='line_1_31' title="bbox 303 4065 1475 4156; baseline 0.003 -24"><span class='ocrx_word' id='word_1_231' title='bbox 303 4068 447 4134; x_wconf 85' lang='lat' dir='ltr'><strong>Birdsall</strong></span> <span class='ocrx_word' id='word_1_232' title='bbox 468 4067 645 4155; x_wconf 87' lang='lat' dir='ltr'><strong>reparavit.</strong></span> <span class='ocrx_word' id='word_1_233' title='bbox 684 4067 727 4131; x_wconf 93' lang='lat' dir='ltr'><strong>In</strong></span> <span class='ocrx_word' id='word_1_234' title='bbox 748 4065 888 4154; x_wconf 62' lang='lat' dir='ltr'><strong>margia</strong></span> <span class='ocrx_word' id='word_1_235' title='bbox 909 4067 1011 4132; x_wconf 86' lang='lat' dir='ltr'><strong>etiam</strong></span> <span class='ocrx_word' id='word_1_236' title='bbox 1034 4067 1075 4133; x_wconf 87' lang='lat' dir='ltr'><strong>de</strong></span> <span class='ocrx_word' id='word_1_237' title='bbox 1097 4067 1249 4156; x_wconf 80' lang='lat' dir='ltr'><strong>Skyrena</strong></span> <span class='ocrx_word' id='word_1_238' title='bbox 1270 4070 1475 4136; x_wconf 74' lang='lat' dir='ltr'><strong>feoitnnuau.</strong></span> 
     </span>
     <span class='ocr_line' id='line_1_32' title="bbox 304 4168 1350 4258; baseline 0.004 -24"><span class='ocrx_word' id='word_1_239' title='bbox 304 4170 449 4258; x_wconf 85' lang='lat' dir='ltr'><strong>reparari</strong></span> <span class='ocrx_word' id='word_1_240' title='bbox 470 4169 590 4250; x_wconf 83' lang='lat' dir='ltr'><strong>aulam,</strong></span> <span class='ocrx_word' id='word_1_241' title='bbox 613 4189 764 4248; x_wconf 89' lang='lat' dir='ltr'><strong>oameras,</strong></span> <span class='ocrx_word' id='word_1_242' title='bbox 788 4168 825 4234; x_wconf 93' lang='lat' dir='ltr'><strong>in</strong></span> <span class='ocrx_word' id='word_1_243' title='bbox 854 4173 983 4234; x_wconf 76' lang='lat' dir='ltr'><strong>teotma</strong></span> <span class='ocrx_word' id='word_1_244' title='bbox 995 4193 1004 4250; x_wconf 80' lang='lat'>3</span> <span class='ocrx_word' id='word_1_245' title='bbox 1033 4168 1099 4234; x_wconf 90' lang='lat' dir='ltr'><strong>duo</strong></span> <span class='ocrx_word' id='word_1_246' title='bbox 1126 4192 1204 4238; x_wconf 89' lang='lat' dir='ltr'><strong>vero</strong></span> <span class='ocrx_word' id='word_1_247' title='bbox 1233 4171 1350 4238; x_wconf 86' lang='lat' dir='ltr'><strong>horrea</strong></span> 
     </span>
    </p>

    <p class='ocr_par' dir='ltr' id='par_1_6' title="bbox 303 4269 1347 4362">
     <span class='ocr_line' id='line_1_33' title="bbox 303 4269 1347 4362; baseline 0.004 -25"><span class='ocrx_word' id='word_1_248' title='bbox 303 4273 428 4339; x_wconf 87' lang='lat' dir='ltr'><strong>ibidem</strong></span> <span class='ocrx_word' id='word_1_249' title='bbox 460 4273 497 4338; x_wconf 92' lang='lat' dir='ltr'><strong>in</strong></span> <span class='ocrx_word' id='word_1_250' title='bbox 528 4275 658 4338; x_wconf 79' lang='lat' dir='ltr'><strong>teatina</strong></span> <span class='ocrx_word' id='word_1_251' title='bbox 689 4276 724 4338; x_wconf 88' lang='lat' dir='ltr'><strong>et</strong></span> <span class='ocrx_word' id='word_1_252' title='bbox 761 4270 947 4338; x_wconf 84' lang='lat' dir='ltr'><strong>muratione</strong></span> <span class='ocrx_word' id='word_1_253' title='bbox 984 4269 1136 4338; x_wconf 87' lang='lat' dir='ltr'><strong>similiter</strong></span> <span class='ocrx_word' id='word_1_254' title='bbox 1173 4275 1347 4362; x_wconf 86' lang='lat' dir='ltr'><strong>reparavit</strong></span> 
     </span>
    </p>

    <p class='ocr_par' dir='ltr' id='par_1_7' title="bbox 303 4373 1473 4565">
     <span class='ocr_line' id='line_1_34' title="bbox 303 4373 1473 4464; baseline 0.004 -24"><span class='ocrx_word' id='word_1_255' title='bbox 303 4375 348 4440; x_wconf 92' lang='lat' dir='ltr'><strong>In</strong></span> <span class='ocrx_word' id='word_1_256' title='bbox 370 4375 453 4442; x_wconf 85' lang='lat' dir='ltr'><strong>villa</strong></span> <span class='ocrx_word' id='word_1_257' title='bbox 475 4395 607 4462; x_wconf 89' lang='lat' dir='ltr'><strong>quoque</strong></span> <span class='ocrx_word' id='word_1_258' title='bbox 638 4373 765 4441; x_wconf 90' lang='lat' dir='ltr'><strong>ibidem</strong></span> <span class='ocrx_word' id='word_1_259' title='bbox 787 4375 853 4440; x_wconf 87' lang='lat' dir='ltr'><strong>tria</strong></span> <span class='ocrx_word' id='word_1_260' title='bbox 874 4396 962 4440; x_wconf 89' lang='lat' dir='ltr'><strong>nova</strong></span> <span class='ocrx_word' id='word_1_261' title='bbox 994 4377 1143 4464; x_wconf 81' lang='lat' dir='ltr'><strong>cottagia</strong></span> <span class='ocrx_word' id='word_1_262' title='bbox 1164 4378 1348 4444; x_wconf 82' lang='lat' dir='ltr'><strong>renovavit.</strong></span> <span class='ocrx_word' id='word_1_263' title='bbox 1358 4379 1378 4433; x_wconf 83' lang='lat' dir='ltr'><strong>f.</strong></span> <span class='ocrx_word' id='word_1_264' title='bbox 1392 4385 1439 4432; x_wconf 82' lang='lat'><strong>1⁵⁹</strong></span> <span class='ocrx_word' id='word_1_265' title='bbox 1451 4381 1473 4434; x_wconf 78' lang='lat' dir='ltr'><strong>b·</strong></span> 
     </span>
     <span class='ocr_line' id='line_1_35' title="bbox 304 4477 1350 4565; baseline 0.002 -23"><span class='ocrx_word' id='word_1_266' title='bbox 304 4477 420 4544; x_wconf 87' lang='lat' dir='ltr'><strong>Unam</strong></span> <span class='ocrx_word' id='word_1_267' title='bbox 442 4499 571 4565; x_wconf 89' lang='lat' dir='ltr'><strong>quoque</strong></span> <span class='ocrx_word' id='word_1_268' title='bbox 593 4478 730 4544; x_wconf 89' lang='lat' dir='ltr'><strong>domum</strong></span> <span class='ocrx_word' id='word_1_269' title='bbox 753 4499 773 4541; x_wconf 93' lang='lat' dir='ltr'><strong>a</strong></span> <span class='ocrx_word' id='word_1_270' title='bbox 796 4477 1009 4564; x_wconf 86' lang='lat' dir='ltr'><strong>Rapererosse</strong></span> <span class='ocrx_word' id='word_1_271' title='bbox 1031 4478 1155 4544; x_wconf 91' lang='lat' dir='ltr'><strong>ibidem</strong></span> <span class='ocrx_word' id='word_1_272' title='bbox 1178 4479 1350 4545; x_wconf 86' lang='lat' dir='ltr'><strong>transtulit</strong></span> 
     </span>
    </p>
   </div>
   <div class='ocr_carea' id='block_1_3' title="bbox 306 4577 1499 4668">
    <p class='ocr_par' dir='ltr' id='par_1_8' title="bbox 306 4577 1499 4668">
     <span class='ocr_line' id='line_1_36' title="bbox 306 4577 1499 4668; baseline -0.001 -22"><span class='ocrx_word' id='word_1_273' title='bbox 306 4581 348 4646; x_wconf 88' lang='lat' dir='ltr'><strong>ad</strong></span> <span class='ocrx_word' id='word_1_274' title='bbox 373 4581 555 4662; x_wconf 87' lang='lat' dir='ltr'><strong>Rudstane,</strong></span> <span class='ocrx_word' id='word_1_275' title='bbox 577 4580 690 4668; x_wconf 90' lang='lat' dir='ltr'><strong>ibique</strong></span> <span class='ocrx_word' id='word_1_276' title='bbox 712 4577 817 4666; x_wconf 83' lang='lat' dir='ltr'><strong>ipsam</strong></span> <span class='ocrx_word' id='word_1_277' title='bbox 839 4601 899 4666; x_wconf 90' lang='lat' dir='ltr'><strong>pro</strong></span> <span class='ocrx_word' id='word_1_278' title='bbox 920 4602 989 4645; x_wconf 92' lang='lat' dir='ltr'><strong>uno</strong></span> <span class='ocrx_word' id='word_1_279' title='bbox 1010 4585 1146 4646; x_wconf 88' lang='lat' dir='ltr'><strong>tenente</strong></span> <span class='ocrx_word' id='word_1_280' title='bbox 1169 4579 1348 4649; x_wconf 77' lang='lat' dir='ltr'><strong>collocavit.</strong></span> <span class='ocrx_word' id='word_1_281' title='bbox 1361 4585 1499 4640; x_wconf 76' lang='lat' dir='ltr'><strong>Romane.</strong></span> 
     </span>
    </p>
   </div>
   <div class='ocr_carea' id='block_1_4' title="bbox 879 4741 1345 4750">
    <p class='ocr_par' dir='ltr' id='par_1_9' title="bbox 879 4741 1345 4750">
     <span class='ocr_line' id='line_1_37' title="bbox 879 4741 1345 4750; baseline 0.006 -4"><span class='ocrx_word' id='word_1_282' title='bbox 879 4741 902 4746; x_wconf 86' lang='lat'><strong>..</strong></span> <span class='ocrx_word' id='word_1_283' title='bbox 926 4741 1345 4750; x_wconf 40' lang='lat' dir='ltr'><strong>*Qun-*u-</strong></span> 
     </span>
    </p>
   </div>
   <div class='ocr_carea' id='block_1_5' title="bbox 340 4829 1319 4900">
    <p class='ocr_par' dir='ltr' id='par_1_10' title="bbox 340 4829 1319 4900">
     <span class='ocr_line' id='line_1_38' title="bbox 340 4829 1319 4900; baseline 0.001 -16"><span class='ocrx_word' id='word_1_284' title='bbox 340 4831 494 4900; x_wconf 67' lang='grc' dir='ltr'><strong>1ηιιενιπιίιο]</strong></span> <span class='ocrx_word' id='word_1_285' title='bbox 512 4833 632 4885; x_wconf 87' lang='lat' dir='ltr'><strong>maremio</strong></span> <span class='ocrx_word' id='word_1_286' title='bbox 644 4831 670 4882; x_wconf 92' lang='lat' dir='ltr'><strong>in</strong></span> <span class='ocrx_word' id='word_1_287' title='bbox 680 4831 737 4882; x_wconf 89' lang='lat' dir='ltr'><strong>MS.</strong></span> <span class='ocrx_word' id='word_1_288' title='bbox 826 4829 831 4898; x_wconf 85' lang='grc' dir='ltr'>Ι</span> <span class='ocrx_word' id='word_1_289' title='bbox 887 4832 897 4864; x_wconf 82' lang='lat'><strong>²</strong></span> <span class='ocrx_word' id='word_1_290' title='bbox 913 4831 1064 4899; x_wconf 79' lang='lat' dir='ltr'><strong>tyemondtr]</strong></span> <span class='ocrx_word' id='word_1_291' title='bbox 1083 4833 1214 4898; x_wconf 83' lang='lat' dir='ltr'><strong>yemandia</strong></span> <span class='ocrx_word' id='word_1_292' title='bbox 1224 4831 1250 4883; x_wconf 88' lang='lat' dir='ltr'><strong>in</strong></span> <span class='ocrx_word' id='word_1_293' title='bbox 1262 4833 1319 4886; x_wconf 89' lang='lat' dir='ltr'><strong>MS.</strong></span> 
     </span>
    </p>
   </div>
   <div class='ocr_carea' id='block_1_6' title="bbox 1149 4918 1215 4990">
    <p class='ocr_par' dir='ltr' id='par_1_11' title="bbox 1149 4918 1215 4990">
     <span class='ocr_line' id='line_1_39' title="bbox 1149 4918 1215 4990; baseline 0 -10"><span class='ocrx_word' id='word_1_294' title='bbox 1149 4918 1215 4990; x_wconf 70' lang='lat'><strong>02</strong></span> 
     </span>
    </p>
   </div>
   <div class='ocr_carea' id='block_1_7' title="bbox 0 0 1794 5874">
    <p class='ocr_par' dir='ltr' id='par_1_12' title="bbox 0 0 1794 5874">
     <span class='ocr_line' id='line_1_40' title="bbox 0 0 1794 5874; baseline 0 2"><span class='ocrx_word' id='word_1_295' title='bbox 0 0 1794 5874; x_wconf 95' lang='lat' dir='ltr'><strong> </strong></span> 
     </span>
    </p>
   </div>
  </div>
 </body>
</html>
