3578 5874
468 874 533 938 210
644 883 845 934 WILLELMUS
868 881 976 932 accis
999 879 1151 932 oornvos
1173 877 1330 928 naoruos.

302 1069 448 1126 A.D.1ata
469 1061 620 1144 caretque
642 1057 812 1122 dominum
827 1055 1011 1120 Robertum
1027 1055 1067 1118 de
1091 1053 1243 1138 Hyltona
1264 1056 1391 1139 patrem
1414 1071 1510 1115 suum

303 1145 394 1190 '¹³⁹⁶'
468 1181 638 1246 nunquam
653 1158 786 1245 aliquod
801 1156 893 1222 aliud
912 1157 968 1243 jus
981 1153 1037 1221 vel
1059 1153 1211 1220 clamium
1233 1155 1269 1218 in
1293 1153 1379 1219 dicto
1401 1173 1511 1218 mane-

470 1261 519 1327 rio
533 1261 598 1326 nisi
621 1259 785 1326 occasione
808 1258 906 1326 diotre
921 1257 1121 1323 dimissionis
1142 1255 1316 1335 habuisse3
1337 1276 1374 1320 ac
1389 1251 1512 1320 etiarml

472 1359 736 1449 [relaxationem]
776 1361 924 1427 omnium
961 1359 1216 1426 conventionum
1252 1359 1341 1423 inter
1381 1377 1441 1423 nos
1478 1360 1513 1421 et

470 1470 599 1552 patrem
630 1485 727 1530 suum
760 1465 801 1529 de
832 1463 921 1530 dicto
954 1461 1098 1528 manerio
1134 1465 1374 1527 contractarum
1418 1457 1513 1524 nobis

471 1567 602 1648 faceret,
625 1566 883 1651 indenturasque
914 1569 948 1630 et
970 1561 1186 1652 obligationes
1216 1563 1380 1629 occasione
1402 1560 1513 1626 dimis-

474 1669 574 1735 sionis
592 1667 673 1734 dicti
694 1667 833 1734 manerii
854 1670 1059 1754 perpetratas
1080 1665 1175 1732 nobis
1198 1665 1384 1744 exhiberet;
1405 1669 1437 1729 et
1452 1684 1513 1728 nos

473 1793 532 1859 pro
554 1771 730 1859 praemissis
753 1771 863 1836 decem
885 1789 1011 1835 marcas
1033 1769 1139 1834 eidem
1160 1769 1371 1835 traderemus.
1412 1764 1511 1846 Quod

474 1879 508 1940 et
544 1874 668 1942 fectum
699 1877 769 1954 ost3
799 1877 936 1958 excepto
966 1876 1078 1936 tamen
1111 1869 1199 1957 quod
1237 1869 1362 1935 dictum
1390 1867 1512 1954 obliga-

473 1975 598 2042 torium
629 1997 687 2042 cce
720 1973 879 2041 librarum
912 1974 1006 2040 nobis
1034 1993 1102 2039 non
1135 1972 1340 2050 reddebatur,
1366 1991 1404 2036 eo
1424 1969 1513 2056 quod

474 2078 583 2144 dictus
605 2077 757 2144 dominus
783 2077 947 2142 Robertus
976 2076 1084 2163 ipsum
1107 2075 1346 2162 obligatorium,
1368 2077 1408 2138 ut
1428 2093 1513 2138 asse-

474 2181 552 2260 ruit,
568 2201 731 2265 nusquam
753 2182 885 2266 poterat
907 2179 1054 2265 reperire.
1100 2177 1238 2244 Interim
1260 2173 1361 2242 vero²
1382 2177 1419 2240 in
1441 2197 1514 2262 par·

391 2324 393 2328 .
475 2281 632 2348 lismento
655 2281 742 2368 apud
765 2275 1117 2346 westmonasterium⁸
1139 2277 1326 2346 celebrato⁴
1349 2282 1511 2344 statutum

474 2382 549 2462 fuit,
570 2387 611 2449 ut
635 2387 677 2446 12
711 2387 882 2469 magnates
914 2387 1010 2448 terrae
1041 2387 1116 2468 post
1138 2401 1248 2469 regem
1269 2381 1361 2468 regni
1384 2380 1514 2466 Angliae

308 2504 459 2570 lnquisiuon
475 2487 621 2572 regimen
644 2491 900 2570 assequerentur.
959 2485 1053 2550 Inter
1075 2505 1156 2571 quos
1178 2483 1239 2550 hcc
1260 2484 1421 2570 praecipue
1442 2503 1515 2568 pro-

309 2573 585 2689 gss‘lffint‘gfvisum
606 2587 680 2667 firit,
703 2591 744 2652 ut
766 2585 850 2652 clero
872 2591 907 2652 et
928 2585 1049 2674 populo
1071 2609 1092 2652 a
1113 2583 1351 2652 solutionibus*⁵
1382 2585 1516 2651 decimae

309 2705 436 2771 theroyal
477 2694 512 2756 et
533 2698 605 2754 xv·.
626 2689 663 2753 in
690 2693 852 2775 quantum
881 2695 1035 2776 poterant
1065 2688 1260 2767 exoneratis,
1283 2689 1432 2754 dominus
1456 2707 1517 2751 rex

309 2778 457 2902 ffiffim
477 2793 519 2858 de
541 2789 732 2869 redditibus,
766 2791 932 2872 custumis,
966 2789 1125 2858 cscaetis⁰
1156 2797 1190 2856 et
1223 2790 1297 2856 aliis
1329 2789 1516 2878 perquisitis

478 2894 643 2960 curiarum
680 2891 836 2974 suarum,⁷
881 2894 1077 2980 dignitatem
1114 2913 1239 2962 coronae
1284 2913 1351 2960 auae
1394 2891 1517 2977 absque

479 2997 685 3085 oppressione
715 2995 793 3061 cleri
827 3000 861 3060 et
894 2995 1006 3083 populi
1043 2997 1096 3061 sui
1132 3000 1338 3065 sustentaret.
1398 2993 1519 3058 Emissi

478 3103 556 3165 sunt
587 3117 664 3186 ergo
697 3097 907 3184 inquisitores
929 3117 987 3184 per
1009 3099 1198 3164 universum
1221 3119 1357 3185 regnum
1378 3095 1518 3183 Angliae,

479 3202 519 3266 de
554 3200 812 3278 vicecomitibus,
844 3200 1068 3280 causatoribus,
1101 3206 1136 3266 et
1166 3201 1240 3266 aliis
1262 3199 1348 3287 ragis
1370 3198 1518 3265 officiali-

478 3303 540 3370 bus
562 3301 804 3382 11111111111111,8
835 3321 872 3369 ac
895 3305 936 3368 de
966 3323 1078 3369 eorum
1113 3302 1225 3370 officiis
1260 3308 1293 3369 ct
1315 3301 1388 3368 aliis
1410 3303 1517 3382 rebus,

478 3411 513 3472 et
535 3407 671 3472 escaetis
693 3406 781 3471 unde
803 3427 864 3471 rex
886 3406 1067 3492 proficuum
1090 3406 1223 3492 aliquod
1238 3406 1424 3493 perquirere
1447 3425 1519 3492 pos

312 3521 461 3600 Inquistuon
479 3512 537 3586 set,
561 3508 746 3573 sanaturi.
803 3507 854 3572 Do
875 3507 1019 3594 quibus⁰
1042 3508 1175 3595 quidam
1198 3509 1278 3576 baro
1301 3511 1341 3575 de
1363 3509 1520 3576 scaccario

312 3589 460 3720 &lirinen-
479 3614 514 3675 et
536 3610 620 3675 alius
653 3609 717 3674 sibi
747 3610 926 3676 associatus
957 3611 999 3676 ad
1030 3616 1139 3698 partes
1161 3613 1244 3677 istas
1265 3611 1357 3678 missi
1377 3611 1520 3678 fuerunt.

313 3721 410 3800 tegeor
481 3709 547 3792 Qui
579 3711 668 3797 apud
699 3709 932 3798 Wyghtonam,
964 3712 999 3776 in
1031 3735 1121 3779 sacro
1153 3714 1207 3779 die
1240 3713 1371 3780 Sanotae
1408 3713 1520 3779 Ooenae

312 3787 431 3842 Μ
480 3813 625 3894 Domini,
652 3813 838 3879 convocatis
860 3833 969 3880 coram
992 3816 1038 3881 eis
1060 3815 1161 3882 libere
1184 3815 1374 3882 tenentibus
1389 3835 1520 3903 wapen-

479 3915 564 4002 tagii
575 3913 601 3954 ¹⁰
622 3915 664 3981 de
686 3915 870 4000 Herthylle,
887 3917 1082 3984 assidebant.
1129 3917 1208 3999 Ubi,
1231 3919 1365 3985 consilio
1386 3923 1420 3984 et
1442 3923 1520 3984 actu

480 4017 684 4102 quorundam
698 4018 883 4084 tenentium
902 4024 1098 4098 nostrorum,
1114 4019 1171 4105 qui
1194 4021 1293 4085 etiarn
1315 4020 1388 4085 falsi
1409 4020 1522 4087 fideles

480 4119 587 4184 nostri
613 4118 808 4202 dicerentur,
843 4127 879 4186 et
912 4121 1050 4187 aliorum
1079 4143 1314 4210 perversorum,
1337 4144 1395 4210 par
1416 4145 1522 4190 sacra·

480 4226 628 4286 mentum
651 4243 747 4288 suum
769 4224 805 4287 in
823 4223 897 4322 *haec
918 4224 1021 4290 verba
1041 4225 1149 4290 fuerat
1171 4229 1413 4313 praesentatum.

513 4423 668 4490 ¹acetiom]
689 4431 714 4474 ct
731 4422 831 4488 insuper
846 4423 981 4476 relaxatio-
1058 4423 1199 4492 lacerus]
1218 4423 1348 4491 eschaetis,
1359 4425 1390 4476 Ε.

481 4518 548 4564 nem,
559 4503 589 4556 P.
1058 4503 1069 4542 ²
1085 4506 1209 4556 curiarum
1225 4507 1338 4572 mmm]
1362 4505 1474 4570 wanting
1496 4505 1522 4556 in

514 4583 525 4615 ²
541 4581 722 4648 Interiorem]
742 4580 777 4633 Et
787 4581 847 4632 dum
857 4577 912 4634 hac
923 4599 981 4649 agc-
1025 4585 1055 4636 P.

482 4669 574 4724 rentur,
585 4661 615 4714 P.
728 4659 732 4666 '
1059 4663 1249 4732 fletmiaisoa]
1269 4665 1457 4731 wantinginP.

514 4740 782 4806 ³Wesuaoacstcrium]
792 4741 944 4806 Londonias,
952 4739 982 4794 P.
1059 4743 1069 4774 ⁰
1087 4743 1129 4794 De
1139 4744 1240 4810 quibus]
1259 4745 1329 4796 Inter
1339 4761 1409 4809 quos,
1420 4745 1449 4796 P.
1549 4783 1553 4790 -

515 4817 526 4850 ⁴
542 4817 672 4884 edebam]
692 4819 805 4885 wanting
814 4819 841 4870 in
853 4821 882 4870 P.
1060 4819 1079 4852 ¹⁰
1096 4824 1255 4892 wapentoqt'r]
1268 4823 1412 4891 wapintagii
1423 4823 1451 4875 111
1462 4823 1524 4876 toth

514 4897 526 4927 ⁶
543 4913 560 4947 a
570 4896 740 4965 maumam]
755 4900 787 4952 ab
798 4901 923 4966 oneribus,
934 4899 964 4954 P.
1026 4900 1102 4957 MSS.
