3610 5890
217 2007 219 2010 ,
294 1951 324 2000 of
331 1951 435 2002 hasce.

463 859 506 920 42
696 871 794 919 nuoo
817 869 926 918 ansas
948 870 1102 930 cururus
1124 869 1285 920 nsoruua

293 1053 362 1109 al).
377 1059 448 1108 raas.
463 1046 632 1135 fatigatus,
655 1067 768 1112 versus
791 1045 983 1112 Flandriam
1012 1068 1174 1133 regressus
1196 1046 1311 1112 villam
1333 1047 1374 1111 de
1397 1047 1513 1116 Ombis

293 1133 404 1258 {mi
461 1155 496 1216 st
527 1148 570 1220 70
593 1149 690 1216 villas
721 1149 870 1216 Franciae
899 1147 1087 1229 combussit,
1111 1171 1180 1214 una
1213 1155 1346 1214 tantum
1381 1150 1514 1218 ecclesia

292 1269 402 1318 towards
460 1257 632 1318 reservata
672 1251 922 1338 Comitatusque
946 1251 1198 1332 Oamubresmae,
1222 1252 1264 1318 de
1279 1251 1511 1340 Vermendoys

292 1334 423 1466 flffiff’
460 1355 501 1422 de
532 1356 714 1441 Louueyns,
746 1355 787 1420 de
821 1355 969 1432 Terache,
1002 1355 1044 1420 de
1075 1355 1291 1442 Flamengery
1324 1359 1359 1419 et
1391 1354 1511 1438 Blavii,

294 1474 370 1518 vaste
380 1469 436 1518 thex
459 1457 638 1544 spoliantes
661 1459 917 1534 combusserunt,
940 1463 975 1523 et
1004 1457 1041 1522 in
1064 1456 1257 1522 Flandriam
1279 1461 1358 1522 sunt
1379 1459 1510 1524 reversi.

292 1543 441 1666 ffffiffie‘m·
460 1562 507 1627 Et
529 1561 608 1649 quia
630 1560 849 1626 Flandrenses
871 1564 907 1625 in
937 1565 1010 1626 toto
1032 1561 1216 1648 nequibant
1249 1561 1314 1646 ipsi
1345 1560 1416 1647 regi
1445 1560 1511 1626 Ed·

294 1683 423 1749 ingsurge
460 1665 573 1742 wardo
596 1685 665 1730 esse
686 1666 723 1729 in
745 1664 909 1730 auxilium
932 1669 1047 1729 contra
1064 1663 1216 1738 Francos,
1239 1685 1277 1729 eo
1299 1662 1388 1749 quod
1408 1664 1510 1748 quod-

294 1751 440 1868 ffiffiw
460 1769 537 1833 dam
559 1771 693 1853 paetum
723 1771 954 1854 perpetuatum
977 1773 1028 1832 est
1061 1767 1150 1832 inter
1172 1766 1316 1832 Francos
1347 1769 1382 1831 et
1412 1765 1510 1832 Flan-

293 1883 448 1950 fideofking
461 1871 591 1936 eirenem
607 1870 703 1956 quod,
719 1869 979 1963 quandocunque
996 1869 1214 1935 Flandrenses
1228 1873 1402 1955 portarent
1419 1891 1511 1934 arma

460 1971 514 2038 vel
545 1973 752 2059 insurgerent
786 1994 859 2037 cum
892 1971 1002 2058 aliquo
1034 1985 1150 2036 conara
1181 1993 1273 2036 arma
1297 1971 1445 2036 Francia
1476 1975 1511 2034 et

461 2097 577 2164 regem,
601 2097 639 2140 eo
661 2075 734 2162 ipso
765 2079 839 2140 tota
861 2074 1020 2142 Flandria
1048 2074 1206 2140 resideret
1239 2073 1301 2138 sub
1323 2073 1509 2150 interdicto,

463 2180 568 2245 eidem
591 2179 662 2265 regi
684 2177 850 2242 Eduardo
872 2177 909 2241 in
931 2177 1041 2242 reditu
1063 2198 1122 2242 suo
1144 2177 1181 2242 in
1205 2175 1397 2242 Flandriam
1421 2175 1511 2241 dixe-

461 2291 551 2360 runt,
576 2279 829 2366 “cognovimus
851 2279 984 2366 quidem
1007 2279 1095 2365 quod
1113 2280 1189 2365 jure
1210 2278 1420 2344 haereditario
1446 2278 1510 2342 tibi

461 2394 477 2422 ‘⁸
500 2383 637 2450 debetur
658 2403 796 2469 regnum
812 2381 967 2448 Franciae.
1014 2381 1113 2448 Unde
1128 2382 1156 2446 si
1178 2403 1289 2468 regem
1312 2380 1460 2448 Francius
1475 2387 1510 2446 te

460 2497 477 2526 “
500 2485 609 2552 vocari
631 2484 838 2566 consensoria,
862 2490 896 2550 εὴ
927 2485 969 2550 ab
991 2484 1137 2550 hostium
1167 2484 1337 2549 invasione
1360 2504 1421 2550 nos
1454 2485 1509 2550 de-

459 2597 478 2626 “
500 2589 630 2654 feudare
645 2593 680 2653 te
695 2587 888 2675 promiseris,
906 2587 1010 2652 totius
1024 2591 1121 2652 terrae
1145 2584 1311 2652 Flandriae
1326 2587 1509 2652 dominium

460 2701 477 2732 “
499 2691 705 2779 possidebis.’'
750 2691 806 2756 Ita
828 2689 918 2776 quod
938 2689 1002 2776 ipsi
1017 2689 1234 2754 Flandrenses
1256 2709 1324 2754 non
1341 2689 1413 2774 jam
1435 2711 1509 2755 cum

458 2816 535 2882 rege
549 2793 681 2880 Angliae
703 2797 818 2858 contra
837 2813 947 2878 regem
963 2791 1110 2858 Francise
1124 2795 1257 2878 pactum
1280 2791 1436 2871 inienrnt,
1453 2794 1510 2858 sed

461 2919 535 2962 oum
558 2918 633 2982 rege
651 2900 685 2960 et
710 2895 832 2960 directo
847 2894 965 2961 herede
979 2895 1072 2981 regni
1087 2894 1237 2959 Franciae
1254 2899 1370 2958 contra
1384 2895 1509 2982 Philip-

460 3025 540 3090 pum
572 3000 613 3065 de
635 2997 778 3074 Valesio,
802 2997 896 3084 regni
922 2996 1070 3061 Franoiae
1101 2999 1326 3082 occupatorem
1356 2996 1509 3062 illicitum

291 3105 401 3166 adhud
460 3112 494 3171 et
514 3106 722 3178 intrusorem,
744 3099 869 3164 foedera
891 3103 1135 3164 contraxerunt
1181 3097 1255 3164 Rex
1284 3121 1368 3185 ergo,
1393 3101 1510 3166 confir-

291 3183 364 3300 m
374 3182 425 3298 {¹1¹2}
460 3212 550 3274 mato
566 3228 607 3271 ex
629 3210 771 3289 utraque
793 3206 887 3289 parte
910 3202 1071 3288 pactionis
1094 3200 1225 3279 foedere,
1248 3222 1334 3268 anno
1359 3205 1401 3268 13
1416 3203 1509 3290 regni

289 3315 398 3374 meos
461 3311 511 3376 sui
534 3307 676 3394 Angliaa
693 3328 727 3370 se
750 3311 874 3370 extunc
888 3303 1022 3391 Angliae
1046 3308 1081 3368 et
1103 3303 1250 3370 Francia
1272 3326 1382 3391 regem
1404 3307 1509 3370 nomi-

290 3383 395 3500 ξξζξέζ
460 3412 563 3477 navit.
611 3411 715 3474 Arma
730 3428 806 3494 ergo
823 3405 972 3472 Francius
986 3406 1054 3470 suis
1075 3403 1262 3470 immiscuit
1277 3407 1399 3487 armis3
1421 3409 1509 3474 unde

460 3515 532 3601 ipsa
554 3535 647 3578 arma
662 3509 794 3596 Angliae
817 3513 851 3573 et
875 3508 1022 3574 Franciae
1045 3508 1108 3573 sibi
1130 3507 1166 3572 in
1189 3531 1293 3574 unum
1316 3509 1508 3597 signiferum

460 3613 739 3702 quadripartitum
762 3615 1036 3676 transmutantur.
1083 3610 1128 3676 Et
1151 3611 1271 3677 exhinc
1293 3611 1509 3680 Flandrenses

458 3716 529 3804 regi
552 3715 727 3795 Eduardo,
756 3735 824 3778 non
856 3718 1015 3798 tanquam
1038 3713 1108 3800 regi
1134 3713 1265 3799 Angliae
1287 3717 1430 3795 tantum,
1452 3716 1510 3781 sed

457 3827 617 3908 tanquam
642 3818 711 3903 regi
736 3815 892 3893 Francia,
917 3815 953 3878 in
979 3815 1198 3900 acquisitione
1216 3816 1301 3896 juris
1330 3817 1383 3881 sui
1414 3819 1510 3884 coad-

318 3935 324 3948 ·
408 3939 429 3988 i·
456 3923 582 4009 jutores
602 3921 796 3987 extiterunt.
840 3917 919 3983 Post
934 3917 1012 3994 haec,
1027 3917 1106 3982 fecit
1128 3939 1187 3982 rex
1203 3917 1388 3986 Edwardus
1402 3921 1509 3986 edicta

457 4025 590 4112 publica
612 4022 711 4089 scribi
744 4020 806 4086 sub
828 4041 948 4108 magno
980 4019 1097 4107 sigillo,
1132 4019 1223 4084 dicta
1253 4041 1345 4086 arma
1375 4023 1508 4107 quadri-

457 4127 582 4213 partita
605 4131 639 4192 et
665 4145 787 4191 nomen
808 4123 902 4208 regni
932 4121 1105 4207 utriusque
1128 4120 1327 4202 continente,
1351 4127 1386 4189 et
1419 4123 1508 4212 affigi

457 4232 494 4294 in
513 4229 622 4294 valvis
644 4227 853 4294 ecclesiarum
875 4229 909 4290 et
931 4223 1204 4290 monasteriorum
1228 4229 1263 4290 et
1284 4223 1350 4310 legi
1372 4224 1408 4290 in
1429 4225 1509 4294 locis

456 4330 596 4420 publicis
616 4328 805 4407 *Franciaej
829 4327 866 4392 in
895 4326 1015 4412 quibus
1049 4325 1237 4392 declarabat
1268 4347 1439 4394 severum
1472 4335 1507 4396 et

457 4439 583 4500 reatum
614 4453 723 4520 regem
759 4429 915 4507 Francia,
946 4434 982 4494 et
1016 4429 1154 4516 agnovit
1186 4451 1325 4516 regnum
1360 4431 1523 4498 Franciae·

458 4537 526 4604 fore
547 4557 687 4624 regnum
720 4554 826 4612 suum,
850 4532 988 4598 offerens
1022 4553 1135 4618 pacem
1168 4533 1322 4598 omnibus
1355 4533 1507 4600 fidelibus

457 4641 524 4706 suis
546 4639 693 4725 ejusdem
716 4636 811 4723 regni
834 4635 892 4720 qui
921 4657 956 4700 se
979 4640 1096 4722 sponte
1126 4635 1189 4700 sibi
1223 4635 1417 4702 submittere
1439 4637 1507 4703 vel-

457 4743 536 4808 lent
583 4743 627 4806 Et
646 4742 725 4826 jura
751 4746 785 4804 et
807 4735 1019 4804 hareditatee
1042 4759 1155 4805 eorum
1181 4739 1244 4803 sibi
1278 4761 1311 4804 sc
1335 4740 1418 4805 velle
1441 4761 1508 4805 ser·
