3610 5890
562 874 661 926 nuso
682 873 789 926 senas
811 875 964 938 sumnus
986 877 1146 927 oremus
1334 867 1377 930 23

331 1050 424 1116 narie
444 1050 657 1116 satisfactum.
703 1051 750 1116 Et
780 1053 913 1138 insuper
942 1073 1003 1118 nos
1026 1055 1069 1117 60
1092 1051 1213 1117 solidos
1248 1053 1377 1138 argenti
1389 1060 1456 1112 nl).
1472 1069 1535 1116 mes

331 1153 463 1220 fabricae
508 1154 650 1222 eeclesia
688 1153 785 1220 Beati
823 1155 915 1221 Petri
952 1155 1174 1235 Eboracensis,
1212 1177 1272 1242 pro
1309 1133 1481 1220 non'¹³⁴⁹’

332 1256 496 1322 solutione
518 1257 616 1324 dictae
646 1258 816 1344 portionis,
838 1257 966 1344 quoties
997 1257 1229 1335 defecerimus,1
1252 1257 1378 1324 solvere

331 1363 508 1426 teneamur.
554 1361 601 1424 Et
623 1360 838 1425 nihilominus
871 1382 931 1426 nos
964 1365 999 1426 et
1030 1382 1226 1427 successores
1248 1366 1378 1426 nostros

330 1461 365 1525 in
388 1459 502 1526 dicte²
525 1451 652 1526 summa
676 1465 718 1526 12
741 1460 924 1541 librarum,a
947 1463 1008 1528 sub
1030 1485 1130 1549 poena
1152 1463 1377 1529 excommuni-

331 1564 471 1630 cationis
504 1565 639 1650 majoris
669 1564 706 1628 in
737 1565 901 1644 abbatem,
927 1566 1140 1652 suppriorem‚
1163 1565 1376 1644 cellerarium,

330 1665 541 1748 bursarium,4
562 1667 787 1745 camerarium,
811 1689 848 1731 ec
879 1667 1059 1754 singulares
1089 1690 1243 1754 personas
1273 1669 1378 1734 nostri

331 1769 529 1846 monasterii,
552 1769 776 1856 suspensionis
806 1769 842 1834 in
865 1774 1064 1834 conventum
1087 1775 1122 1835 et
1150 1771 1320 1837 interdicti
1343 1771 1378 1834 in

332 1872 499 1938 ecclesiam
523 1873 787 1952 conventualem,
810 1877 924 1938 nostra
945 1893 1046 1950 mora,
1070 1873 1167 1958 culpa
1188 1878 1223 1938 et
1246 1873 1377 1950 offensa,

331 1975 591 2061 praecedentibus
606 1981 640 2041 et
662 1976 699 2042 id
720 1974 839 2040 merito
859 1973 1078 2061 exigentibus,
1095 1975 1252 2041 canonica
1272 1975 1378 2040 moni-

332 2077 424 2143 tione
445 2079 620 2164 prremisse,
644 2078 685 2143 de
719 2097 877 2143 consensu
911 2080 1024 2142 nostro
1053 2097 1204 2164 expresso
1227 2078 1378 2144 similiter

333 2179 573 2247 condemnavit.
621 2179 687 2260 Qui
721 2179 855 2266 quidem
877 2179 1021 2245 vicarius
1052 2179 1110 2264 qui
1141 2201 1200 2267 pro
1230 2185 1377 2268 tempore
1391 2197 1503 2262 chugo

332 2282 435 2348 fuerit
467 2305 594 2369 panem,
628 2283 745 2346 vinum
779 2287 814 2347 et
846 2281 1018 2360 luminare,
1048 2303 1106 2367 pro
1138 2282 1253 2369 majori
1283 2263 1501 2389 altariffie’

335 2385 435 2450 dictoe
457 2385 609 2464 eeclesiae,
634 2405 672 2450 ac
694 2385 854 2450 lotionem
880 2389 915 2450 et
936 2386 1178 2471 reparationem
1200 2387 1378 2452 vestimen·
1391 2403 1532 2458 vemens,

332 2493 443 2552 torum
475 2493 510 2553 et
541 2487 701 2552 librorum
735 2487 832 2552 dictas
866 2485 1017 2567 ecclesiae,
1050 2509 1125 2554 cum
1158 2511 1240 2576 opus
1271 2489 1380 2568 fuerit,
1393 2464 1439 2514 ⁸⁵⁰·

331 2590 488 2668 invenire,
522 2591 596 2656 fieri
629 2591 735 2656 secere
767 2595 801 2655 et
834 2589 954 2668 subire,
994 2597 1154 2657 teneatur.
1202 2592 1255 2656 Ad
1288 2593 1380 2657 nulia

330 2713 410 2758 vero
438 2693 505 2758 alia
535 2714 643 2773 onera,
683 2691 850 2758 ordinaria
887 2714 944 2758 seu
976 2694 1245 2774 extraordinaria,
1284 2695 1381 2760 diotae

330 2795 474 2862 ecclesiae
513 2795 792 2881 qualitercunque
829 2795 1064 2875 incumbentia,
1090 2796 1251 2862 vicarium
1281 2797 1379 2862 dictae

332 2897 499 2966 ecclesiae⁶
522 2897 668 2984 astringi
690 2894 824 2962 voluit⁶
846 2919 904 2962 seu
926 2898 1042 2963 teneri.
1090 2898 1156 2964 Sed
1170 2920 1231 2964 nos
1253 2905 1288 2965 et
1310 2921 1381 2964 suo·

331 3023 471 3069 cessores
509 3001 616 3067 nostri
653 3000 833 3066 cancellum
864 3000 961 3066 dictae
999 3000 1151 3081 ecclesiae,
1188 3023 1261 3066 cum
1299 3025 1381 3088 opus

333 3106 443 3184 fuerit,
467 3108 694 3169 construemus
717 3107 752 3166 et
768 3101 1014 3190 reparabimus;
1036 3103 1149 3183 libros,
1171 3105 1379 3181 vestimenta,

334 3212 369 3272 et
400 3211 519 3272 caetera
553 3227 653 3271 onera
687 3203 903 3270 ecclesiastica
934 3225 1138 3290 quaecunque
1170 3205 1213 3269 ed
1246 3207 1382 3272 rectoris

334 3297 577 3396 providentiam
600 3307 640 3373 de
659 3307 735 3393 jure
756 3307 812 3372 vel
834 3307 1073 3372 consuetudine
1095 3308 1286 3393 spectantia,
1302 3330 1381 3394 quo-

334 3412 398 3478 ties
436 3432 564 3476 neccsse
601 3411 714 3491 inerit,
746 3409 788 3474 de
825 3431 912 3475 novo
950 3409 1191 3496 imperpetuum
1225 3410 1381 3476 debemus

290 3591 293 3598 Ι
335 3513 517 3601 providere,
537 3533 575 3578 ac
598 3517 717 3578 caetere
739 3533 846 3593 onera,
863 3512 1032 3577 ordinario
1054 3518 1088 3578 et
1110 3514 1379 3592 extraordinaria,

332 3637 426 3706 pane,
441 3615 522 3682 vino
544 3621 580 3681 et
601 3615 825 3695 luminarios
847 3613 971 3680 lotione
995 3621 1030 3681 et
1052 3617 1259 3703 reparatione
1280 3617 1380 3683 libro-

332 3741 407 3785 rum
429 3723 464 3785 et
485 3718 770 3796 vestimentorum,
793 3739 851 3804 per
885 3719 1013 3784 dictum
1035 3720 1196 3785 vicarium
1229 3724 1269 3784 ut
1299 3741 1381 3806 prse-

333 3822 483 3888 mittitur
519 3819 730 3886 inveniendis
768 3825 802 3885 et
841 3821 1028 3898 subeundis,
1060 3821 1214 3909 exceptis,
1252 3843 1313 3889 nos
1346 3829 1380 3890 et

333 3945 531 3992 successores
554 3923 662 3988 nostri
694 3924 818 3988 nostris
841 3923 1038 4011 sumptibus,
1062 3923 1196 4006 solvero,
1219 3925 1323 3991 facore
1346 3931 1380 3990 et

334 4027 453 4104 subire,
477 4025 627 4092 totaliter
653 4030 848 4091 teneremur.
893 4028 962 4104 Ac,
981 4027 1018 4090 in
1048 4029 1378 4114 recompensationem
1392 4039 1497 4091 menn

333 4128 476 4194 laesionis
509 4128 652 4194 ecclesise
682 4128 779 4193 Beati
809 4127 901 4194 Petri
932 4128 1153 4206 Eboracensis,
1179 4135 1213 4194 et
1246 4107 1538 4226 propter{4⁹,¹‡⁸{‘‡,¹²3‘',f

368 4363 376 4396 ¹
393 4363 469 4414 Astur
479 4363 639 4428 defecerimus
649 4363 736 4427 insert,
753 4363 780 4414 in
792 4379 831 4414 so·
878 4364 953 4414 dicta
973 4364 1086 4416 ecclesia
1105 4365 1210 4417 fideliter
1228 4366 1378 4430 faciendam,

333 4443 430 4496 lotione
441 4445 564 4508 ejusdcm,
572 4441 604 4494 P.
879 4443 908 4495 P.
943 4477 944 4480 =

366 4571 377 4604 2
501 4573 506 4583 ,
559 4569 565 4582 ,
709 4569 715 4582 ,
912 4523 922 4555 ⁴
939 4525 1014 4575 After
1025 4524 1162 4575 bursarium
1173 4526 1251 4576 insert
1261 4531 1294 4588 et,
1305 4527 1335 4576 P.

393 4570 469 4622 After
480 4569 546 4621 dmm
557 4577 635 4622 mm
651 4576 766 4634 mmm
781 4585 834 4634 ‘eu'
912 4603 923 4634 ⁶
939 4604 1009 4653 diem
1020 4603 1139 4670 ecclesia]
1158 4606 1200 4670 qni
1211 4621 1256 4670 pro
1267 4615 1377 4671 tempore

880 4684 961 4744 fuerit,
972 4685 1001 4732 P.

365 4763 376 4797 ³
393 4764 468 4818 nster
489 4763 606 4815 librarum
628 4765 715 4828 insert,
738 4763 834 4814 vicario
856 4786 858 4816 ι
913 4761 924 4792 ⁶
941 4761 1027 4828 voluit]
1048 4761 1159 4828 wanting
1169 4763 1197 4813 in
1207 4764 1237 4814 P.

333 4651 363 4701 P.
