3610 5890
561 891 659 943 nuoo
680 887 792 940 maus
814 883 967 952 cunnus
991 885 1152 937 uncinos.
1334 873 1375 934 55

324 1065 506 1132 custodiam
528 1063 713 1150 Anglorum
736 1061 861 1126 ibidem
883 1058 1092 1124 dimissorum
1115 1058 1245 1122 cuidam
1275 1055 1547 1121 militianus.

325 1169 459 1233 Thomas
483 1166 524 1231 de
548 1164 742 1250 Durdraght
767 1160 1000 1249 [Dagwortht]
1024 1161 1263 1224 commiserunt.
1311 1159 1376 1238 Qui
1389 1143 1534 1262 fffhffissf

325 1275 401 1356 post
415 1289 576 1336 recessum
598 1267 755 1332 comitum
779 1264 894 1330 callide
909 1264 996 1350 cepit
1019 1268 1160 1328 castrum
1184 1263 1224 1327 de
1241 1261 1375 1326 Henne-
1389 1278 1536 1328 nontamen

325 1373 417 1448 bane,
449 1371 536 1456 quod
570 1371 678 1435 dictus
712 1367 855 1433 Karolus
878 1367 1066 1468 occupavit.
1114 1363 1211 1444 Quod
1233 1343 1503 1474 Karaluafflglgh

324 1474 470 1552 audiens,
494 1472 620 1537 dictum
653 1475 798 1536 castrum
825 1467 953 1533 obsedit
984 1471 1019 1531 et
1050 1466 1196 1531 obsessos
1226 1465 1377 1551 pluribus

325 1573 573 1661 gravaminibus
587 1572 807 1638 conturbavit.
841 1569 907 1636 Sed
921 1555 980 1655 pei
994 1569 1104 1656 plures
1126 1587 1228 1632 naves
1242 1567 1375 1653 Angliae

326 1683 548 1763 congregatas,
581 1675 625 1741 ad
666 1674 793 1740 dictum
831 1679 975 1738 castrum
1015 1673 1125 1736 subito
1164 1671 1375 1757 applicantes,

326 1779 476 1865 ipsasque
513 1799 572 1865 per
616 1778 724 1864 galeas
761 1781 796 1842 at
835 1774 974 1839 cassides
1012 1773 1176 1859 expositas
1213 1773 1375 1838 confertas

327 1880 463 1944 armatis
493 1879 642 1965 Anglicis
672 1877 863 1958 similantes,
899 1876 1007 1941 dictus
1040 1875 1183 1940 Karolus
1213 1875 1377 1940 attonitus

327 1983 453 2068 Anglos
474 1981 632 2068 fugiebat.
677 1981 771 2044 Tunc
793 1977 925 2064 Anglici
947 1977 1045 2064 pauci
1071 1979 1112 2042 de
1134 1976 1276 2041 navibus
1302 1997 1377 2040 con-

327 2085 518 2149 scendentes
540 2084 662 2150 coedem
684 2103 752 2147 non
775 2081 937 2145 modicam
960 2077 1124 2144 faciebant
1153 2078 1377 2164 persequendo

327 2186 498 2273 fugientes.
543 2187 691 2250 Tandem
723 2187 926 2250 revertentes
956 2186 1100 2247 castrum
1131 2180 1231 2245 armis
1253 2184 1288 2245 et
1311 2179 1378 2244 vic-

328 2288 474 2353 tualibus
496 2289 697 2365 muniarunt,
720 2287 808 2352 inter
830 2307 864 2351 se
887 2285 992 2371 spolia
1014 2284 1209 2348 dividentes.

330 2541 408 2608 CAP.
433 2539 567 2608 XVIII.
602 2539 652 2606 Dc
670 2541 877 2628 profectione
899 2541 988 2627 repta
1010 2539 1180 2608 Edsruurdc'
1202 2541 1245 2607 tn
1267 2539 1380 2606 Franc-

415 2641 508 2710 ciom
516 2668 531 2724 ;
547 2641 587 2709 dc
604 2641 684 2710 bello
699 2643 738 2709 dc
752 2643 890 2728 Onusam
909 2641 950 2710 de
965 2643 1202 2730 diacomfituru
1216 2642 1379 2730 Philippi

416 2743 507 2830 repta
528 2743 688 2812 Frontina
700 2770 712 2826 ;
743 2752 773 2810 ct
796 2743 836 2812 de
858 2745 1030 2812 obsidione
1052 2745 1143 2812 allo
1168 2745 1312 2811 causa.

372 2905 473 2969 Anno
504 2904 639 2989 quidem
670 2902 807 2968 Domini
835 2907 932 2983 1346,
962 2905 1070 2969 dictus
1102 2904 1285 2970 Edwardus
1319 2925 1379 2969 rex
1390 2883 1501 2996 necaro

327 3007 467 3093 Angliae,
491 3011 689 3092 congregato
714 3005 870 3084 exercitu,
892 3027 1006 3071 versus
1029 3007 1203 3072 Franciam
1228 3006 1379 3086 tendens,
1392 2999 1498 3100 iffi&

328 3110 416 3194 apud
439 3109 592 3195 Hoggum
613 3108 713 3192 juxta
737 3108 851 3173 Barflu
873 3108 910 3171 in
932 3106 1139 3173 Normannia
1161 3109 1329 3194 applicuit,
1345 3113 1497 3176 etFrance,

330 3209 449 3273 deinde
471 3229 584 3274 vorsus
599 3209 782 3274 Cadamum
804 3209 992 3275 itinerando
1015 3211 1101 3296 cepit
1123 3209 1266 3296 plurima
1283 3208 1380 3274 uillas
1395 3185 1466 3230 ¹³⁴⁶·

330 3315 365 3376 et
387 3310 529 3389 castella,
552 3317 585 3375 et
607 3316 725 3397 pontes
755 3317 870 3377 contra
892 3312 1073 3377 adventum
1096 3311 1168 3397 ejus
1189 3311 1310 3375 fractos
1331 3331 1381 3375 re-

329 3411 469 3498 paravit.
515 3413 560 3476 Et
583 3413 662 3477 dum
685 3414 729 3478 ad
751 3413 932 3480 Gadamum
955 3413 1243 3501 appropinquaret,
1265 3411 1379 3478 villam
1394 3428 1517 3480 Hecales

328 3515 487 3602 repletam
511 3517 608 3592 1‚500
632 3517 768 3582 armatis
791 3521 825 3581 et
842 3519 961 3593 30‚000
976 3515 1249 3581 communitatum
1274 3537 1379 3580 arma·
1393 3494 1471 3548 ⁰²⁰³·

328 3621 438 3682 torum
462 3617 594 3703 reperit,
610 3622 645 3681 et
668 3617 797 3684 assultu
818 3618 905 3683 facto
927 3618 1042 3683 villam
1065 3619 1160 3704 cepit.
1200 3617 1270 3682 Ubi
1292 3618 1380 3704 capti

327 3719 463 3784 morunt
485 3739 592 3784 comes
614 3718 752 3785 dauwe
776 3721 1038 3786 constabudarius
1053 3719 1201 3786 Franciae
1224 3725 1258 3785 et
1273 3741 1377 3785 oame-

328 3821 433 3887 rarius
457 3821 498 3886 de
520 3819 754 3907 Tankrevylla‚
779 3827 814 3887 et
843 3823 966 3888 milites
990 3825 1065 3902 120,
1089 3827 1123 3888 et
1153 3825 1250 3899 3,000
1273 3843 1378 3886 arma-

327 3929 437 3988 torum
472 3927 506 3987 et
538 3923 814 3988 communitatum
848 3925 938 4011 capti
971 3925 1106 3989 filerunt
1137 3929 1172 3988 at
1203 3923 1378 3990 interfecti.

329 4024 445 4090 Oomes
474 4043 618 4110 namque
650 4025 691 4089 de
714 4025 794 4091 Ewa
816 4025 994 4112 pradictus
1025 4047 1099 4091 cum
1132 4025 1222 4090 omni
1244 4026 1379 4091 festina·
1393 4027 1547 4120 ulamma

327 4126 417 4191 tione
439 4127 479 4192 da
494 4127 657 4194 Vasconis
677 4149 779 4214 usque
795 4127 978 4196 Oadomum
1001 4129 1197 4214 properavit,
1214 4133 1253 4194 ut
1267 4151 1378 4214 regem
1391 4095 1510 4224 ξτξξῇζτ

329 4227 531 4292 Edwardum
569 4235 784 4316 expugnaret.
845 4229 951 4294 Nocte
989 4228 1152 4315 siquidem
1189 4233 1378 4316 proximum

328 4330 531 4414 praecedenta
555 4330 667 4395 villam
689 4332 842 4412 intravit,
866 4335 902 4396 et
932 4333 968 4394 in
990 4331 1135 4396 crastino
1158 4335 1272 4419 captus
1296 4338 1376 4398 erat.

328 4429 467 4517 Ipseque
489 4453 563 4496 cum
578 4432 652 4498 aliis
674 4433 816 4520 captivis
838 4435 875 4498 in
890 4433 1047 4520 Angliam
1061 4435 1266 4500 mittebatur.
1301 4434 1377 4520 Ipse

327 4537 441 4598 autam
478 4555 584 4599 comes
621 4535 658 4599 in
691 4533 875 4621 Aquitania
912 4537 1112 4602 constitutus
1144 4535 1239 4600 vovit
1273 4557 1306 4599 se
1340 4537 1376 4600 in

327 4635 452 4724 Anglio
481 4635 554 4722 ipso
584 4659 671 4702 anno
694 4637 790 4702 cirisa
819 4643 1046 4704 comesturum.
1093 4637 1232 4702 Interim
1262 4641 1375 4704 nautae

328 4737 461 4824 Angliae
494 4737 694 4804 circuierunt
731 4759 843 4807 omnes
880 4745 996 4826 portus
1033 4739 1133 4804 maris
1169 4739 1210 4804 de
1244 4739 1375 4805 Barduz
