3578 5874
481 959 681 1010 wrrnnnnus
703 957 813 1006 rasas
836 955 991 1006 ocravus
1013 955 1173 1004 nucrnus
1286 937 1350 1002 233

304 1135 483 1214 accederet,
507 1133 589 1199 dicti
620 1131 751 1198 abbatis
775 1130 933 1198 Willelmi
962 1131 1071 1196 adhuc
1101 1130 1277 1196 cessionem
1300 1136 1433 1194 act-1)-
1449 1141 1511 1186 1372

305 1243 461 1324 capturus
494 1241 530 1302 et
561 1257 683 1300 novam
715 1233 908 1300 electionem
946 1233 1071 1300 ibidem
1109 1233 1332 1300 celebraturus
1346 1209 1456 1311 ;'¹³⁹⁶'

307 1347 350 1418 et,
372 1339 401 1404 si
433 1339 491 1425 qui
521 1339 556 1404 in
579 1338 735 1404 electione
758 1341 838 1402 tunc
861 1335 1010 1402 facienda
1032 1341 1147 1401 contra
1170 1357 1354 1424 processum

308 1443 458 1508 debitum
483 1447 517 1506 et
549 1441 675 1506 ordinis
706 1440 866 1505 instituta
895 1440 1054 1505 obstinati
1090 1439 1275 1504 existerent
1297 1459 1355 1504 sen

308 1543 453 1621 rebelles,
488 1544 577 1609 idem
609 1543 773 1624 visitator,
808 1543 837 1607 si
868 1541 965 1606 aliter
998 1541 1189 1626 hujusmodi
1220 1538 1356 1606 rebelles

309 1631 476 1713 commode
510 1667 656 1712 coercere
689 1666 758 1710 uon
787 1649 904 1730 posset,
928 1665 982 1710 eos
1004 1645 1124 1710 carceri
1147 1644 1356 1732 manciparet

310 1749 355 1815 Et
378 1759 537 1836 praeterea
559 1747 652 1812 misit
685 1747 774 1813 idem
807 1747 878 1812 dux
901 1746 983 1812 elias
1007 1747 1137 1813 litteras
1159 1745 1358 1832 quibusdam

310 1852 473 1916 militibus
496 1855 530 1916 et
551 1849 719 1916 nobilibus
749 1849 867 1936 patriae
898 1848 1085 1934 adjacentis,
1109 1856 1148 1914 ut
1170 1853 1278 1915 essent
1301 1849 1359 1914 ad·

307 1954 465 2042 juvantes
497 1957 532 2018 et
563 1951 807 2018 rationabiliter
829 1951 1040 2016 intendentes
1064 1951 1170 2016 eidem
1192 1951 1359 2017 visitatori

311 2057 348 2121 in
385 2055 545 2123 electione
583 2055 630 2120 sic
667 2055 704 2118 in
741 2051 942 2119 monasterio
981 2059 1093 2119 nostro
1125 2054 1283 2134 facienda,
1316 2053 1357 2118 ad
1488 2105 1491 2118 .

312 2161 412 2225 finem
447 2159 536 2244 quod
567 2158 657 2222 idem
691 2157 846 2222 visitator
871 2157 973 2222 libere
996 2165 1103 2244 posset
1127 2157 1269 2223 officium
1291 2179 1359 2223 suae

313 2261 516 2328 visitationis
550 2260 586 2324 in
618 2259 724 2324 forma
748 2258 863 2323 debita
885 2281 1043 2336 exercere,
1067 2266 1102 2324 et
1124 2260 1296 2346 procedere
1318 2260 1361 2324 ad

314 2363 507 2430 electionem
543 2363 624 2426 novi
656 2359 788 2426 abbatis
812 2360 944 2438 ibidem,
969 2363 1148 2426 secundum
1171 2361 1260 2448 quod
1282 2361 1362 2426 ordo

315 2467 445 2553 inipso
476 2485 554 2531 casu
587 2463 735 2550 requirit,
758 2463 882 2548 absque
903 2463 1094 2530 voluntaria
1116 2463 1363 2551 perturbatione

315 2568 537 2654 cujuscunque
552 2571 668 2632 eontra
685 2565 855 2652 justitiam
870 2566 906 2630 in
921 2566 1067 2632 favorem
1083 2567 1228 2653 alicujus.
1263 2567 1363 2633 Unde
1374 2585 1465 2636 Abbot

317 2671 406 2736 nea
427 2669 608 2746 vastatore,
632 2689 707 2734 eum
736 2667 895 2733 nactae
925 2667 988 2734 sni
1023 2669 1143 2734 abbae
1167 2670 1208 2735 ue
1231 2652 1513 2769 ryrkafflfffl,

318 2773 436 2852 stallis,
449 2771 492 2837 ad
507 2771 742 2837 monasterium
758 2775 909 2836 nostrum
924 2770 1118 2850 declinante,
1135 2773 1243 2839 dictus
1258 2771 1362 2838 domi-
1375 2785 1530 2850 resignation

317 2897 381 2940 nus
403 2874 589 2940 Willelmus
623 2872 737 2950 abbas,
759 2893 835 2938 cum
863 2871 936 2958 jam
963 2873 1030 2960 xvj.
1054 2895 1157 2940 annos
1190 2876 1227 2940 in
1256 2873 1362 2940 officio
1374 2853 1471 2978 mr,

318 2976 488 3052 cellerarii,
511 2981 544 3042 et
567 2974 701 3062 xxiiijor.
723 2996 827 3040 annos
853 2997 958 3040 unum
980 2998 1125 3042 mensem
1148 2983 1183 3042 et
1204 2977 1270 3062 xvj.
1295 2978 1364 3042 dies
1377 2985 1445 3037 ΑΛ).
1461 2989 1532 3035 rece.

319 3082 353 3146 iu
384 3079 491 3144 'officio
522 3077 690 3156 abbatiali,
728 3075 924 3164 perfecisset,
963 3078 1053 3144 dioto
1085 3079 1189 3145 officio
1220 3102 1279 3146 suo
1310 3102 1369 3146 seu

322 3182 482 3271 dignitati
515 3178 687 3259 abbatiali,
721 3201 759 3244 ac
792 3179 883 3243 omni
909 3179 981 3264 juri
1012 3187 1047 3246 et
1081 3181 1182 3247 titulo
1214 3184 1301 3268 quod
1333 3191 1368 3249 et

320 3307 418 3371 quem
450 3283 571 3348 habuit
603 3282 641 3346 in
675 3281 799 3360 endem,
831 3302 922 3367 pure,
955 3289 1080 3369 sponte,
1113 3284 1305 3372 simpliciter
1334 3293 1369 3351 et

320 3386 479 3465 absolute,
502 3383 600 3450 cessit
631 3389 666 3448 et
700 3383 915 3459 renuntiavit,
937 3405 975 3449 ac
998 3385 1134 3450 eandem
1167 3385 1367 3453 abbatialem

321 3488 527 3576 dignitatem.
538 3486 659 3572 jusque
674 3492 708 3551 et
723 3484 860 3550 titulum
883 3507 978 3550 suum
1003 3487 1039 3552 in
1062 3487 1184 3568 eadem,
1200 3490 1237 3554 in
1252 3511 1369 3556 manus

322 3591 468 3676 ejusdem
500 3587 632 3653 abbatis
664 3587 705 3654 de
739 3586 912 3667 Fontibus,
935 3589 1039 3675 patris
1071 3589 1201 3656 abbatis
1234 3598 1268 3658 et
1291 3593 1369 3659 visi-

322 3693 441 3758 tatoris
475 3691 536 3770 sui,
560 3711 648 3755 anno
682 3689 792 3756 aetatia
824 3711 893 3756 suaa
924 3689 1055 3776 lxxvij0.
1084 3698 1119 3758 et
1150 3696 1372 3762 conversionis

322 3817 390 3860 snae
423 3791 504 3878 lvj⁰.,
527 3794 565 3858 in
596 3793 694 3879 plano
717 3792 871 3879 capitulo,
895 3794 1075 3860 solenniter
1098 3801 1132 3862 et
1155 3797 1371 3864 effectualiter

322 3895 515 3983 resignavit,
538 3899 633 3960 sexto
664 3893 717 3960 die
747 3895 867 3960 mensis
889 3894 983 3976 Julii,
1006 3919 1093 3964 anno
1116 3899 1251 3966 Domini
1276 3905 1370 3969 1396.

322 3997 458 4064 Dimisit
480 4001 592 4062 nutem
615 3995 766 4061 debitum
789 3996 915 4077 domus,
939 4003 1086 4084 tempore
1117 4003 1269 4068 cessionis
1292 4026 1369 4084 suae,
1383 4020 1507 4070 Debtlen

323 4101 419 4166 ccclx.
435 4098 546 4180 libras,
570 4119 624 4164 xv.
640 4097 770 4180 solidos,
786 4098 855 4184 viij.
872 4099 1032 4179 denarios
1056 4101 1225 4171 *obolum'
1271 4107 1371 4173 Unde
1382 4087 1417 4152 by
1429 4085 1489 4135 him.

323 4203 403 4289 celij.
420 4201 522 4280 librae,
541 4199 597 4286 xij.
613 4199 719 4278 solidi,
734 4201 857 4280 obolus,
872 4203 1046 4286 quadrans,
1063 4204 1099 4268 in
1114 4211 1205 4272 statu
1220 4209 1372 4275 cessionis

324 4327 392 4370 suae
426 4309 558 4369 tantum
591 4304 811 4370 continentur.
857 4303 912 4368 Ad
945 4305 1033 4390 quod
1068 4305 1219 4374 debitum
1253 4313 1374 4398 persol-

324 4407 471 4474 vendum
493 4415 529 4472 et
552 4406 594 4472 ad
616 4427 729 4470 omnes
750 4406 892 4490 reliquas
915 4428 1074 4493 expensas
1089 4409 1169 4476 dicti
1184 4415 1374 4479 monasterii

325 4509 500 4588 faciendas,
523 4531 544 4574 a
574 4507 663 4574 dicto
694 4507 748 4572 die
781 4509 934 4574 cessionis
968 4531 1037 4576 snae
1064 4534 1167 4599 nsque
1189 4515 1232 4579 ad
1254 4516 1373 4582 festum

326 4613 441 4678 Sancti
464 4611 605 4676 Martini
637 4611 786 4696 proxime
821 4631 967 4697 sequens,
990 4622 1219 4682 remanserunt
1248 4617 1285 4682 in
1307 4641 1375 4684 ma-

326 4716 425 4780 nibus
446 4713 633 4778 tenentium
657 4712 741 4797 cxvj.
767 4711 868 4792 libne,
892 4714 936 4780 ix.
960 4715 1065 4793 solidi,
1088 4717 1156 4802 viij.
1181 4719 1317 4799 denarii,
1340 4728 1376 4788 et

329 4819 369 4883 de
401 4817 486 4881 lanis
518 4815 702 4880 vendendis
735 4814 858 4880 adtnnc
891 4839 968 4882 xxx.
993 4816 1094 4891 litaae.
1142 4819 1278 4886 Summa
1302 4825 1375 4890 red·
