3610 5890
554 908 654 988 noco
676 907 784 956 crines
807 907 960 967 oururus
983 907 1143 955 oucruus.
1353 891 1371 955 9

323 1079 597 1144 extendebantur.
654 1078 700 1142 Et
731 1078 809 1162 quia
839 1079 885 1143 sic
916 1077 1074 1164 praesatus
1106 1077 1372 1164 archiepiscopus,
1385 1088 1454 1140 M).
1469 1095 1532 1141 mss

323 1205 382 1268 per
413 1182 586 1268 praefatam
609 1181 865 1266 inquisitionem,
897 1181 1055 1267 comperit
1081 1201 1193 1246 causas
1225 1202 1284 1266 pro
1317 1162 1475 1286 rap-1133}
1501 1252 1541 1286 ro-

323 1285 544 1370 propriatioue
573 1282 720 1348 facienda
746 1287 926 1367 praetensae
957 1283 993 1346 in
1021 1283 1163 1348 veritate
1196 1282 1373 1348 earundem
1385 1252 1500 1364 persidii

323 1387 468 1452 notorias
490 1393 525 1451 et
547 1384 738 1450 manifestas
753 1384 912 1462 extitisse,
928 1385 1095 1450 ecclesiam
1116 1385 1157 1449 de
1181 1370 1541 1485 Esyngtonaffig‘aefcdhbl

322 1489 522 1574 prredictam,
547 1509 620 1552 cum
642 1487 709 1551 suis
728 1486 869 1570 juribus,
884 1487 1095 1572 pertinentiis
1118 1509 1156 1553 ac
1178 1487 1482 1573 dependitiisoishop.

322 1591 496 1668 universis,
521 1590 617 1654 nobis
640 1611 679 1653 ac
705 1589 903 1653 monasterio
918 1595 1033 1654 nostro
1056 1613 1114 1676 per
1137 1590 1304 1655 decretum
1327 1591 1375 1652 in-

324 1693 520 1778 corporavit,
554 1692 590 1755 in
624 1712 703 1756 usus
734 1695 864 1756 nostros
897 1691 1048 1778 proprios
1082 1697 1240 1778 perpetuo
1273 1691 1376 1778 possi·

324 1795 472 1859 dendam.
535 1792 591 1857 Ita
628 1793 727 1878 quod,
758 1792 893 1857 cedente
931 1792 986 1857 vel
1023 1793 1200 1858 decedente
1237 1794 1376 1880 praefato

324 1897 459 1961 domino
498 1895 640 1980 Hugone
679 1895 719 1958 de
763 1894 955 1980 Glainvylla
991 1901 1072 1960 tunc
1113 1901 1236 1961 rectore
1274 1897 1377 1982 ipsius
1390 1908 1522 1960 Glaaville.

325 1999 476 2075 ecclesiae,
499 1997 735 2083 possessionem
758 1996 903 2082 ejusdem
926 1996 1077 2076 ecclesiae,
1095 1998 1222 2082 jurium
1248 2001 1283 2062 ct
1305 2019 1378 2083 per·

325 2101 505 2164 tinentium
527 2099 641 2186 ipsine,
673 2098 863 2184 irrequisito
895 2099 1044 2164 ulteriori
1077 2101 1180 2186 ipsius
1210 2121 1376 2178 consensu,

326 2223 388 2268 neo
420 2202 552 2267 licentia
590 2201 740 2266 ulteriori
771 2201 879 2287 petita
912 2223 969 2266 seu
1002 2202 1147 2278 obtenta,
1181 2203 1376 2268 auctoritate

326 2303 458 2390 propria
479 2305 580 2369 libere
596 2303 840 2390 apprehendere
856 2304 1039 2369 valeremus
1056 2310 1089 2369 et
1111 2305 1200 2372 licite
1215 2305 1355 2371 retinere
1368 2329 1376 2384 ;

327 2413 492 2472 reservata
514 2405 716 2472 ordinationi
746 2427 813 2472 sues
841 2405 881 2470 de
911 2406 1013 2492 ipsius
1043 2407 1184 2472 ecolesiae
1214 2406 1376 2472 fructibus

327 2514 361 2573 et
383 2509 608 2595 proventibus
633 2531 690 2595 pro
722 2529 788 2572 uno
818 2507 939 2572 vicario
970 2509 1007 2572 in
1040 2510 1112 2594 ipsa
1142 2509 1274 2575 ecclesie
1304 2531 1375 2594 per·

327 2617 427 2696 petuo
464 2611 638 2688 servituro,
671 2631 814 2696 congrua
850 2610 1001 2695 portione
1035 2632 1077 2675 ex
1109 2633 1175 2696 qua
1208 2610 1375 2676 commtde

327 2713 507 2778 sustentari
540 2713 675 2789 valeret,
710 2717 745 2776 et
775 2712 1004 2777 incumbentia
1034 2712 1098 2777 sibi
1132 2735 1232 2778 onera
1265 2714 1376 2780 debite

327 2822 526 2901 supportare.
573 2813 677 2899 Cujus
699 2813 832 2899 quidem
855 2813 988 2880 vicariae
1018 2815 1225 2880 collationem
1256 2816 1319 2880 sibi
1342 2817 1537 2938 maffia

328 2916 565 2982 successoribus
588 2915 656 2982 suis
685 2917 889 2996 reservavit;
921 2921 955 2980 et
977 2938 1048 2980 eam
1072 2917 1246 2983 consistere
1268 2917 1375 2983 voluit
1388 2953 1477 3016 bythe

327 3019 363 3083 in
392 3019 601 3104 portionibus
631 3017 871 3103 infrascriptis3
905 3018 1068 3096 videlicet,
1098 3019 1134 3082 in
1164 3041 1230 3083 uno
1262 3041 1375 3084 manso
1388 3019 1544 3085 ermbirhop.

1384 3098 1544 3150 ,Thericar’s

328 3121 538 3206 competenti,
557 3142 632 3186 oum
663 3119 815 3184 domibus
844 3142 903 3206 pro
934 3119 1140 3184 habitatione
1170 3121 1295 3198 vicarii,
1318 3123 1510 3230 qniponions.

329 3243 389 3306 pro
426 3229 572 3308 tempore
609 3221 720 3301 fuerit,
759 3221 956 3286 sufficienter
988 3221 1160 3286 aedificatis
1192 3222 1377 3307 sumptibus

329 3324 451 3388 nostris
478 3325 550 3410 ipsa
572 3324 677 3410 prima
698 3323 778 3400 vice,
801 3324 836 3388 in
866 3329 1026 3408 quantum
1049 3323 1189 3388 vicinius
1210 3324 1377 3390 commode

331 3426 403 3492 fieri
425 3431 555 3512 poteret
576 3426 718 3492 ecclesiae
742 3429 939 3491 memoratae.
985 3425 1248 3512 Consisteretque
1270 3428 1377 3514 portio

331 3529 411 3594 dicti
434 3529 547 3595 vicarii
570 3529 606 3594 in
628 3528 750 3614 viginti
780 3533 814 3594 et
843 3551 911 3592 una
932 3529 1051 3593 marcis
1073 3527 1312 3616 sterlingorum,
1337 3531 1377 3596 de

330 3632 424 3697 nobis
446 3631 544 3696 annis
567 3631 713 3716 singulis,
728 3631 770 3696 ad
794 3635 936 3715 quatuor
956 3631 1036 3696 anni
1059 3631 1225 3712 terminos,
1248 3632 1285 3696 in
1306 3633 1378 3718 ipsa

331 3733 462 3800 ecclesia
478 3731 713 3820 persolvendis.
756 3732 811 3796 Ad
827 3731 920 3817 eujus
935 3730 1116 3819 portionis¹
1134 3733 1377 3819 praestationem

331 3843 364 3901 et
386 3837 586 3902 solutionem
608 3835 731 3900 vicario
762 3835 859 3900 dictae
890 3834 1040 3913 eeclesiae,
1072 3835 1128 3921 qui
1151 3857 1210 3922 pro
1233 3840 1378 3923 temporo

331 3937 439 4016 fuerit,
462 3939 560 4004 annis
583 3937 723 4022 singulis
745 3936 889 4002 fideliter
915 3937 1105 4017 faciendam,
1130 3937 1282 4003 abbatem
1304 3961 1378 4003 nos-

331 4048 419 4106 trum
442 4049 477 4106 et
499 4045 699 4106 conventum
723 4039 783 4103 sub
815 4060 913 4124 prena
944 4041 1289 4106 excommunicationis
1312 4064 1379 4106 mu·

327 4143 417 4227 juris,
440 4165 540 4230 quem
570 4143 607 4206 iu
637 4143 802 4218 abbatem,
831 4140 980 4227 priorem,
1009 4142 1219 4227 suppriorem,
1249 4143 1380 4210 cellera-

333 4246 428 4322 rium,
465 4245 643 4324 sacristam,
682 4249 716 4309 et
754 4243 836 4308 alios
873 4241 1035 4320 officiales,
1073 4265 1111 4308 ac
1150 4265 1261 4312 ornnes
1298 4247 1380 4312 alias

332 4347 511 4434 singulares
553 4367 707 4434 personas
744 4346 849 4410 nostri
888 4345 1087 4422 monasterii,
1125 4345 1220 4431 culpa
1257 4353 1378 4425 nostra,

332 4471 425 4516 mora
447 4455 482 4514 et
504 4449 714 4535 negligentia,
737 4447 955 4533 exigentibus,
977 4448 1005 4510 si
1028 4448 1064 4512 in
1084 4447 1247 4514 solutione
1268 4449 1379 4532 eliqua

332 4551 485 4620 terminis
518 4551 561 4616 cd
592 4551 655 4616 hoc
686 4549 831 4628 statutis,
861 4555 921 4614 aut
954 4570 1066 4614 eorum
1095 4549 1213 4636 aliquo,
1237 4550 1273 4613 in
1306 4541 1392 4616 toto'

458 4774 465 4807 ¹
478 4773 556 4826 After
564 4773 683 4838 portionis
694 4771 800 4834 follows,
812 4779 841 4822 nt
851 4769 1011 4838 premittitur
1021 4770 1144 4832 limitatae,
1154 4771 1249 4821 erased.
