3614 5888
468 857 531 928 176
645 870 849 918 wnnnnnus
871 866 979 916 nnnss
1001 865 1156 914 ocrnvns
1178 864 1337 914 nncruus.

299 1055 369 1107 An).
382 1057 445 1104 1372
469 1039 567 1128 ¹Ipse
590 1041 692 1106 etism
714 1041 817 1106 nbbes
834 1039 1019 1105 willelmus
1041 1038 1131 1116 emit,
1150 1059 1210 1125 pro
1231 1058 1261 1102 x.
1285 1033 1387 1112 libris,
1410 1049 1518 1098 rever-

299 1127 428 1249 ἓιῇἰξὲκ
468 1146 592 1210 sionem
622 1145 721 1210 unius
750 1145 909 1230 mesungii
932 1165 1005 1208 cum
1040 1141 1144 1206 cresto
1176 1145 1210 1204 et
1234 1138 1336 1203 trium
1358 1135 1518 1202 initorum

299 1267 421 1316 orrevee
468 1247 502 1312 in
521 1247 681 1334 Waghnrt
704 1247 745 1311 de
770 1247 913 1332 Hugone
936 1243 1070 1308 Portere
1093 1249 1128 1307 ct
1149 1240 1289 1306 Isebelle
1303 1261 1407 1304 uxore
1429 1237 1520 1322 ejus3

299 1331 431 1462 fflflfflge
468 1351 521 1416 cui
544 1350 676 1436 quidem
701 1349 852 1414 Isebclles
883 1347 973 1412 dicta
1006 1350 1195 1412 tenementa
1223 1343 1299 1429 jure
1321 1339 1519 1406 hereditario

300 1463 456 1530 inwaghen.
468 1452 688 1538 pertinebant.
728 1450 827 1516 Dicis
841 1471 921 1514 vero
937 1444 1152 1518 tenemenia²
1174 1444 1341 1532 quondam
1363 1442 1520 1508 Osberius

470 1554 511 1618 de
534 1553 696 1640 Waghna,
719 1551 777 1638 qui
799 1551 871 1637 ipse
893 1551 934 1615 de
958 1550 1054 1614 nobis
1076 1545 1211 1624 tenuit,³
1248 1545 1342 1610 dedit
1373 1542 1519 1630 capitulo

469 1655 611 1722 ecclesiae
640 1654 755 1722 Sancti
777 1652 941 1719 Jchannis
963 1650 1139 1727 Beverlsci,
1162 1657 1196 1715 et
1228 1646 1322 1735 ipse,⁴
1351 1646 1431 1712 dum
1454 1644 1520 1709 duo

469 1761 604 1822 tentum
638 1758 724 1822 una
757 1777 832 1822 cum
865 1755 979 1820 crustis
1014 1754 1219 1830 exsisterent,
1250 1749 1392 1816 contulit
1427 1753 1520 1813 ente-

471 1859 653 1926 cessoribus
676 1859 775 1924 dietae
801 1857 952 1922 Isabellse
975 1858 1012 1920 in
1036 1857 1138 1933 feodo,
1161 1877 1221 1941 pro
1242 1854 1351 1918 tribus
1377 1850 1520 1918 denariis

470 1963 535 2028 sibi
558 1962 733 2026 annuatim
757 1959 938 2025 reddendis,
997 1956 1118 2024 Unde⁵
1141 1958 1291 2022 dedimus
1314 1957 1403 2022 dicto
1432 1954 1520 2041 capi-

470 2065 543 2130 tulo
582 2063 751 2129 Beverleci
777 2062 821 2128 xl
859 2061 981 2126 solidos
1019 2083 1078 2148 pro
1115 2059 1251 2126 licentia
1288 2057 1521 2146 appropriandi

470 2175 661 2233 tenemente
694 2163 892 2252 supradicte,
928 2167 1049 2250 praeter
1079 2162 1161 2228 elios
1192 2166 1346 2248 sumptus
1382 2159 1520 2246 acquisi-

470 2269 572 2334 tionis
602 2263 802 2334 eorundem.⁶
847 2265 901 2344 Et,
933 2287 1008 2330 cum
1030 2264 1180 2329 chariam
1207 2285 1306 2328 unam
1330 2263 1456 2350 regiam
1478 2261 1519 2326 de

469 2371 604 2436 licentia
635 2367 827 2455 acquirendi
858 2389 938 2432 xxx
970 2366 1109 2432 libratas
1139 2373 1237 2432 terres
1259 2365 1463 2442 haberemus,
1486 2369 1521 2428 et

470 2471 609 2537 eadem⁷
631 2477 822 2536 tenemente
843 2470 886 2535 ad
910 2469 1081 2534 dimidiam
1112 2490 1255 2534 marcam
1277 2489 1423 2533 annuam
1446 2472 1521 2532 tnn-

470 2580 543 2640 tum
582 2573 850 2651 extenderentur,
887 2571 1041 2636 dominus
1079 2569 1220 2636 Thomas
1257 2569 1299 2635 de
1333 2569 1520 2646 Arundelle,

472 2675 687 2740 Eborecensis
724 2675 985 2760 archiepiscopus
1022 2677 1057 2739 ct
1088 2672 1175 2758 regis
1209 2671 1428 2750 cancellarius,
1461 2693 1521 2759 pro

472 2778 610 2842 dimidia
632 2783 779 2842 mercata
802 2778 874 2863 ipsa
903 2781 1049 2855 extenta,
1072 2798 1132 2840 nos
1154 2774 1232 2840 fecit
1254 2795 1374 2840 novem
1396 2796 1521 2840 marcas

472 2902 598 2946 annuas
621 2880 662 2944 de
686 2880 775 2944 dictu
797 2879 912 2944 charin
929 2879 1019 2964 regis
1041 2877 1190 2957 allocnre,
1217 2882 1277 2942 aut
1299 2883 1387 2944 certe
1410 2877 1521 2942 decem

472 3004 597 3047 merces
620 2982 754 3048 domino
776 2981 847 3068 regi
862 3001 920 3068 pro
935 2979 1002 3045 fine
1023 2985 1105 3044 tunc
1129 2980 1300 3046 soluturos.
1347 2979 1447 3045 Unde
1462 3001 1523 3046 nos

472 3084 586 3171 potius
623 3084 782 3170 elegimus
817 3083 922 3147 dictas
955 3083 1001 3146 ix.
1033 3087 1193 3147 marcatas
1222 3082 1263 3147 de
1298 3081 1386 3148 dicte
1410 3082 1523 3148 charta

472 3187 564 3272 regie
586 3190 791 3272 excepturos,
814 3205 913 3271 quem
948 3184 1048 3248 finem
1082 3183 1226 3270 aliquem
1257 3183 1383 3250 solvere
1412 3186 1448 3249 in
1471 3185 1523 3248 in-

472 3288 586 3367 stanti,
610 3310 684 3353 eum
715 3289 762 3354 sic
783 3287 932 3352 moderni
962 3287 1049 3372 regis
1079 3287 1225 3352 ministri
1247 3287 1467 3352 concessiones
1489 3292 1523 3354 et

475 3391 626 3456 licentius
648 3389 838 3474 hujusmodi
853 3389 1101 3476 progenitorum
1124 3389 1211 3474 regis
1234 3410 1293 3475 pro
1315 3389 1444 3454 viribus
1466 3390 1523 3455 ud-

475 3493 603 3556 nullere
617 3496 821 3556 conarentur.
869 3490 940 3577 Ipsi
954 3495 1066 3555 eutem
1082 3489 1184 3574 Hugo
1207 3495 1242 3555 et
1254 3489 1396 3556 Isebelle
1411 3493 1524 3558 endem

475 3597 665 3658 tenemente
687 3591 804 3657 mediis
828 3591 1024 3679 quibusdem
1040 3591 1261 3671 contulerunt,
1284 3595 1442 3678 quatinus
1460 3594 1524 3680 ipsi

475 3695 517 3760 de
526 3693 647 3760 eisdem
666 3715 727 3759 nos
744 3695 986 3781 imperpetuum
995 3693 1175 3772 feoffcrent,
1193 3701 1228 3760 ct
1245 3715 1306 3760 nos
1317 3695 1429 3762 eedem
1442 3719 1525 3784 prse-

474 3798 553 3864 fetis
577 3796 724 3884 Hugoni,
747 3796 907 3874 Isebellee,
924 3819 962 3861 ec
977 3795 1109 3861 domino
1126 3797 1323 3884 [Willelmc]
1347 3798 1523 3884 capellano,

511 4035 518 4066 ¹
537 4036 655 4085 Between
667 4034 718 4084 this
729 4037 780 4085 end
791 4035 833 4086 the
844 4033 981 4099 preceding
1025 4035 1088 4086 toste
1099 4051 1143 4100 per
1153 4037 1248 4088 medios
1255 4039 1376 4104 quosdam
1384 4037 1526 4090 feodatum·

479 4121 595 4164 sentence
607 4115 629 4163 is
640 4114 757 4174 inserted,
769 4115 797 4163 in
807 4115 850 4165 the
858 4113 981 4178 Phillipps
1025 4116 1215 4178 possideremus,
1233 4124 1258 4166 et
1280 4132 1327 4166 nos
1348 4117 1436 4168 cadem
1452 4117 1525 4170 dictis

480 4193 546 4254 MS,
558 4193 602 4242 the
621 4192 746 4242 narrative
763 4193 939 4258 commencing
954 4193 980 4241 in
1026 4194 1130 4260 Hugoni
1139 4201 1165 4246 et
1175 4195 1297 4256 Isabellae,
1309 4211 1339 4246 nc
1349 4199 1454 4246 domino
1462 4197 1524 4248 Wil-

481 4271 524 4320 the
535 4277 599 4331 text,
610 4269 711 4319 Interea
723 4287 778 4320 vero
788 4273 904 4335 operarii,
934 4271 981 4322 See
1027 4273 1102 4324 lelrno
1122 4274 1259 4338 capellano,
1271 4274 1324 4325 filio
1336 4277 1480 4335 eorundem,
1492 4276 1525 4326 nd

480 4351 680 4414 pressores.
1025 4357 1104 4402 totam
1116 4353 1194 4402 vitem
1208 4368 1279 4404 sunm
1296 4355 1459 4406 cederemus.
1491 4355 1525 4405 Et

513 4427 523 4460 ¹
538 4426 635 4478 Dicta.
654 4429 817 4494 Λεπωεηία]
833 4429 896 4492 Qum
905 4429 980 4480 etiam
1025 4445 1070 4494 pro
1082 4429 1184 4482 licentia
1194 4431 1317 4482 dictorum
1326 4439 1525 4483 tenementorum

480 4500 573 4570 (imnis,
584 4507 614 4556 P.
1025 4510 1169 4560 admnnum
1179 4519 1303 4561 mortuam
1311 4511 1526 4573 tenendomm,P.

513 4587 524 4620 ³
540 4589 585 4653 qui
599 4625 608 4640 .
625 4623 631 4638 .
650 4587 739 4656 tercie]
759 4583 872 4652 wanting
882 4586 910 4636 in
921 4587 951 4638 P.
1058 4587 1068 4620 ⁶
1081 4605 1147 4654 pro.
1160 4627 1166 4640 .
1178 4589 1317 4656 ecnndcm]
1332 4589 1447 4655 wanting
1458 4589 1484 4640 in
1495 4591 1525 4642 P.

513 4667 524 4698 ⁴
541 4667 611 4732 ipra]
630 4665 724 4718 dicmur
735 4666 874 4731 capitulum
884 4682 922 4729 ee,
932 4666 962 4717 P.
1056 4667 1067 4705 ⁷
1083 4667 1193 4720 chartam
1206 4706 1213 4720 .
1234 4705 1241 4720 .
1252 4667 1347 4736 eaden]
1370 4669 1484 4735 wanting
1499 4669 1526 4719 in

513 4745 524 4777 ⁸
545 4745 628 4811 Unde]
648 4745 685 4796 Ut
698 4746 939 4812 dicm'mesunginm
955 4753 981 4798 et
1023 4746 1053 4798 P.
