3578 5874
761 1735 892 1746 ...ι-..-

299 1923 379 1990 GUM
416 1921 647 2010 praeclarorum
688 1921 788 2007 hujus
826 1922 1016 1986 monasterii
1053 1920 1212 1987 abbatum
1256 1923 1349 2008 gesta
1359 1921 1557 1990 Philippus,

299 2044 474 2111 agnoscere
498 2022 696 2110 magnaliter
730 2021 956 2103 desiderarem,
980 2026 1024 2101 et,
1047 2023 1238 2090 membrana
1259 1993 1378 2108 quae-f·
1391 1997 1446 2044 ¹⁵⁸⁰

301 2125 378 2192 dam
409 2125 601 2192 monasterii
623 2124 767 2190 vicissim
799 2124 1003 2212 perlegendo,
1041 2125 1174 2210 concepi
1205 2125 1351 2212 ipsorum

301 2226 539 2293 venerabilium
577 2232 710 2313 patrum
748 2229 842 2292 actus
879 2225 1023 2314 insignes
1060 2225 1249 2291 nullatenus
1285 2246 1353 2290 me-

302 2329 416 2395 moriae
468 2327 713 2406 commendari,
757 2347 896 2413 quorum
945 2327 1169 2394 moderamine
1214 2328 1355 2393 discreto

303 2431 409 2497 fateor
430 2451 483 2496 me
516 2429 656 2496 recolere
688 2429 793 2514 ipsius
824 2429 1016 2494 monasterii
1048 2429 1195 2515 regimen
1226 2429 1269 2494 ad
1292 2429 1357 2495 Dei

304 2531 435 2596 laudem
481 2531 736 2616 monasteriique
782 2530 889 2595 nostri
934 2530 1174 2596 incrementum
1219 2529 1357 2596 mirifice

304 2633 467 2720 viguisse3
490 2634 587 2711 unde,
604 2654 647 2698 ex
669 2632 790 2696 intimo
813 2627 920 2696 cordis
936 2631 1059 2696 affectu
1075 2631 1194 2697 talium
1217 2631 1356 2697 honora-

304 2733 423 2798 bilium
445 2739 579 2819 patrum
602 2733 747 2819 insignia
769 2732 903 2818 cupiens
926 2733 1083 2812 enarrari,
1106 2732 1238 2798 illorum
1262 2755 1358 2820 quos-

305 2835 382 2900 dam
414 2838 472 2921 qui
506 2857 575 2921 pree
602 2835 729 2900 caeteris
760 2834 958 2919 eloquentiae
989 2834 1200 2920 scientiaeque
1222 2835 1359 2901 floribus

305 2936 438 3002 fueraut
469 2936 614 3002 decorati
645 2934 825 3000 instantius
857 2934 1057 3000 exorabam1
1092 2939 1262 3021 quatenus,
1294 2937 1358 3002 rei-

306 3037 446 3125 publicae
481 3037 533 3102 sui
566 3036 758 3102 monasterii
790 3035 844 3122 pie
878 3035 1100 3121 providentes,
1121 3039 1192 3101 tam
1223 3057 1358 3101 venera-

305 3139 388 3204 biles
411 3147 519 3225 patres
542 3159 720 3224 eorumque
743 3142 837 3226 gesta
859 3135 1025 3222 praeclara,
1043 3137 1166 3222 absque
1189 3137 1360 3224 scripturae

307 3240 450 3326 cujusvis
485 3239 676 3305 testimonio
711 3237 965 3303 adfuturorum
988 3237 1147 3302 notitiam
1169 3239 1360 3324 pleniorem,

307 3362 516 3428 nequaquam
551 3341 697 3405 sinerent
729 3339 886 3426 deperire.
934 3338 1083 3418 Quorum
1106 3339 1265 3404 desidiam
1288 3363 1360 3427 per-

306 3443 463 3531 pendens,
502 3442 689 3528 timensque
734 3463 776 3506 ne
820 3440 1089 3528 praesumptionis
1133 3461 1287 3528 arguerer
1332 3443 1361 3507 si

309 3565 418 3610 coram
449 3543 656 3630 sapientibus
691 3543 734 3608 ad
768 3542 927 3630 sapientis
950 3531 1093 3608 officium
1125 3542 1361 3630 qualiscunque

309 3651 420 3712 orator
434 3647 631 3722 accederem,
654 3643 847 3731 hueusqua²
868 3646 995 3710 retraxi
1011 3666 1129 3710 manus
1151 3644 1235 3710 ‘ab‘
1257 3644 1362 3712 officio

309 3751 502 3834 praetaxato.
549 3747 641 3812 Licet
673 3766 751 3810 vero
782 3745 1025 3832 perornationis
1054 3745 1251 3813 rhetoricae³
1274 3748 1363 3814 dieta

310 3870 378 3915 non
422 3849 563 3914 habeam
609 3846 729 3934 quibus
774 3847 914 3913 istorum
952 3848 1192 3914 venerabilium
1230 3854 1363 3936 patrum

310 3951 477 4018 memoriae
508 3951 626 4014 merito
661 3947 927 4028 commendanda,
961 3947 1115 4015 Tulliano
1146 3949 1248 4038 digna
1277 3951 1362 4030 stilo,

311 4073 567 4130 commemorem,
591 4051 678 4126 hinc,
703 4049 825 4117 dabitae
847 4050 1030 4116 affectionis
1059 4051 1194 4130 intuitu,
1218 4053 1261 4118 ad
1291 4073 1362 4118 suc-

312 4156 498 4220 cedentium
532 4150 770 4240 experientiam
805 4151 951 4240 ipsorum
983 4157 1076 4217 actus
1110 4155 1245 4241 cupiens
1268 4175 1362 4220 enar·

311 4257 388 4337 rari,
423 4277 465 4321 ne
498 4255 561 4320 sub
595 4253 705 4320 modio
740 4257 828 4319 tecta
859 4254 988 4320 lateant
1019 4275 1077 4320 seu
1100 4260 1284 4344 temporum
1316 4257 1363 4322 la·

313 4357 446 4422 bilitate
499 4354 669 4442 incognita
714 4355 920 4432 transirent,4
964 4357 1170 4444 superiorum
1215 4380 1363 4424 meorum

314 4516 512 4524 ..μ-...ν
523 4515 627 4522 ...ξ--
639 4515 792 4520 -·...-.....-..
801 4515 836 4520 ...-

349 4593 356 4624 ¹
374 4592 518 4658 cambam]
550 4591 644 4642 altered
669 4590 735 4640 from
757 4605 817 4641 exo·
894 4591 905 4624 ³
922 4593 1058 4658 rhetorice]
1079 4593 1209 4644 rethoricae
1220 4593 1246 4642 in
1257 4593 1314 4643 MS.

314 4671 500 4724 randoinMS.
896 4670 999 4722 ⁴Aster
1015 4672 1155 4733 cranii-eae,
1171 4671 1230 4722 hino
1247 4675 1364 4737 repeated

347 4749 450 4818 lAldsr
478 4749 609 4815 lacusque,
632 4765 648 4798 a
670 4748 819 4810 desiderato,
863 4749 889 4799 in
901 4749 957 4800 MS.

316 4831 411 4881 111111
1018 4844 1024 4854 ·

383 4922 443 4962 von.
460 4923 503 4960 ru.
1178 4911 1266 4962 rie-
