3538 5860
504 847 568 910 288
645 860 846 912 wmemuus
868 862 1064 916 warnerus
1086 863 1193 914 nasas
1214 863 1403 917 vlomruos.

335 1033 403 1088 AD·
418 1041 489 1090 1⁴⁰¹·
502 1036 615 1100 eodem
637 1039 728 1104 statu
751 1043 958 1125 permaneret
973 1059 1038 1126 quo
1058 1044 1138 1106 tunc
1160 1059 1264 1126 usque
1286 1040 1322 1104 in
1345 1039 1549 1126 quindenam·

334 1151 446 1203 Thera
502 1136 644 1205 Paschae.
690 1140 745 1206 Ad
778 1162 876 1227 quem
913 1141 1002 1208 diem
1040 1142 1141 1208 abbas
1174 1147 1289 1208 noster
1324 1161 1383 1228 per
1420 1141 1536 1206 dictum

335 1220 708 1350 Egffif'attornatum
741 1264 838 1308 suum
867 1245 961 1309 venit
992 1243 1028 1308 in
1060 1245 1193 1323 curiam,
1217 1249 1252 1310 et
1273 1243 1426 1326 exhibuit
1450 1243 1537 1310 dieta

335 1353 385 1403 aia
396 1355 439 1403 ue
500 1343 599 1410 curiae
614 1344 780 1430 quoddam
802 1346 902 1411 breve
925 1346 1051 1412 domini
1073 1348 1159 1434 regis
1181 1347 1316 1414 interim
1338 1347 1536 1432 acquisitum,

334 1417 483 1538 ffiaff
501 1445 541 1510 de
563 1467 685 1532 magno
707 1446 794 1532 regis
825 1445 954 1533 sigillo,¹
978 1449 1067 1534 quod
1090 1455 1140 1515 est
1162 1449 1251 1516 inter
1283 1449 1480 1516 Communia
1500 1449 1536 1514 de

334 1551 434 1616 inethe
501 1547 641 1614 temrino
675 1547 807 1615 Paschae
841 1548 955 1615 eodem
986 1571 1082 1630 auno,
1114 1553 1286 1618 continens
1311 1551 1348 1617 in
1378 1550 1537 1617 mandetis

333 1627 408 1734 21⁰1ssss
417 1626 463 1738 ξζ,
500 1650 596 1735 quod,
618 1650 696 1716 licet
716 1671 824 1738 nuper
846 1649 977 1738 praelati
998 1658 1034 1718 et
1055 1652 1159 1719 clerus
1175 1654 1390 1720 Eboraaensis
1412 1653 1537 1741 provin·

334 1761 439 1830 meunt
500 1753 567 1833 ciae,
590 1752 624 1818 in
648 1753 885 1818 convocatione
907 1753 986 1820 cleri
1020 1755 1168 1841 ejusdem
1196 1755 1374 1842 provinciae
1397 1763 1537 1843 tempore

333 1817 441 1935 iffi&
499 1855 594 1922 bonae
616 1853 783 1922 memoriae
800 1855 937 1921 Roberti
958 1878 1063 1945 nuper
1077 1857 1310 1945 archiepiscopi
1331 1858 1537 1924 Eboracensis

333 1950 446 2014 peudoa
499 1957 672 2036 celebrata,
695 1959 914 2024 concesserint
937 1959 1070 2024 domino
1092 1960 1235 2025 Ricardo
1258 1981 1363 2046 nuper
1384 1961 1456 2046 regi
1477 1959 1539 2024 An·

499 2061 574 2148 gliae
607 2060 750 2126 secundo
781 2064 856 2147 post
889 2067 1114 2147 conquaestum
1136 2061 1347 2128 medietatem
1369 2064 1470 2128 nnius
1490 2062 1539 2128 de·

499 2163 592 2230 cimae
614 2163 656 2228 de
677 2161 906 2248 spiritualibus
939 2169 974 2229 et
1004 2145 1240 2250 temporalibus
1272 2165 1340 2230 suis
1372 2163 1538 2229 levandam

499 2271 534 2330 et
556 2265 781 2350 colligendam,
812 2264 980 2330 beneficiis
1001 2266 1045 2332 ad
1068 2279 1150 2331 xm.
1175 2285 1300 2332 mareas
1323 2271 1357 2332 et
1379 2266 1478 2345 infra,
1498 2285 1540 2330 se

500 2368 643 2432 cundum
687 2387 808 2432 novam
844 2373 966 2446 texam,
1000 2372 1034 2432 et
1068 2368 1268 2434 monialibus
1299 2369 1540 2454 quibuscunque

285 2533 290 2542 ,
362 2551 366 2560 Ι
499 2468 677 2555 provinciae
695 2467 869 2554 praedicte,
894 2490 932 2535 ac
953 2469 1054 2534 stiam
1075 2470 1282 2536 monasteriis
1305 2470 1346 2536 de
1368 2470 1540 2556 Eglestoua

500 2575 535 2634 et
557 2569 704 2647 Rufford
737 2591 866 2636 necnon
899 2569 1040 2636 ecclesiis
1075 2570 1334 2652 Nerthumbriae‚
1369 2570 1540 2648 Cumbriae,

501 2671 795 2754 Westmerlandiae‚
818 2693 857 2738 ac
878 2673 981 2739 etiam
1003 2673 1101 2738 terris
1132 2680 1167 2739 et
1197 2673 1457 2760 possessionibus
1488 2693 1540 2760 per

400 2831 402 2836 ,
500 2774 752 2840 inundationem
786 2775 896 2852 maris,
927 2795 1022 2860 aquae
1045 2774 1450 2854 Humbriae,etelion1m
1483 2775 1542 2840 flu·

500 2877 630 2944 viorum
663 2877 700 2942 in
731 2877 952 2944 Holdemesse
989 2883 1024 2942 et
1061 2877 1261 2956 Merskland,
1292 2879 1339 2960 ad
1369 2879 1538 2966 praelatum

425 3051 430 3064 ,
501 2979 788 3068 archiepiscopum,
822 2980 1022 3046 monasteria
1054 2980 1160 3046 beatas
1187 2979 1302 3046 Mariae
1325 2980 1542 3056 Eboraoensis,

501 3082 615 3148 Sancti
639 3081 796 3148 Germani
819 3082 860 3148 de
883 3081 994 3167 Selby,
1017 3082 1149 3148 Sanctae
1176 3083 1290 3150 Mariae
1313 3083 1354 3150 de
1377 3083 1490 3162 Melea,
1512 3090 1542 3148 et

501 3185 567 3250 alia
588 3185 645 3272 pia
666 3185 739 3251 loca
761 3185 832 3250 sive
854 3185 1002 3271 privatas
1024 3206 1179 3272 personas
1205 3185 1437 3254 ecclesiasticas
1461 3207 1543 3274 spec-

500 3289 660 3368 tantibus,
684 3287 887 3373 consumptis
918 3287 1072 3374 exceptis,
1106 3309 1205 3374 super
1235 3293 1270 3354 et
1302 3288 1344 3354 de
1373 3311 1442 3376 que
1475 3309 1544 3355 con·

502 3391 689 3478 sumptione
719 3411 778 3477 per
807 3390 981 3477 praefatum
1004 3389 1285 3478 archiepiscopum
1307 3391 1477 3459 duntaxat
1497 3392 1542 3456 in-

502 3493 696 3580 quireretur,
728 3495 861 3579 ejusque
892 3492 1159 3558 determinationi
1182 3501 1216 3558 et
1239 3495 1470 3562 certificatorio
1492 3515 1544 3582 per

503 3596 614 3660 omnia
635 3595 719 3660 bene
741 3594 927 3660 crederetur
948 3595 1072 3681 absque
1094 3595 1202 3682 pluri;
1235 3601 1349 3661 tamen
1370 3599 1463 3684 quod
1485 3595 1543 3684 ipsi

502 3697 727 3764 thesaurarius
761 3701 796 3762 et
826 3697 966 3763 barones
987 3697 1142 3763 abbatem
1165 3699 1357 3765 monasterii
1379 3701 1487 3766 nostri
1507 3699 1544 3764 de

503 3800 608 3866 Melae
629 3821 690 3888 pro
713 3800 824 3866 decem
846 3798 950 3879 libris,
973 3799 1007 3885 ij.
1030 3799 1151 3878 solidis,
1174 3822 1205 3866 x.
1229 3799 1371 3867 denariis
1394 3809 1431 3867 et
1446 3801 1544 3878 obolo,

504 3925 564 3990 pro
588 3901 786 3989 quibusdam
817 3901 1054 3988 temporalibus
1076 3903 1143 3966 suis
1165 3902 1202 3968 in
1223 3903 1313 3968 villis
1335 3904 1376 3969 de
1398 3903 1546 3970 Tharles·

417 4035 422 4047 ·
503 4007 629 4093 thorpe,
654 4005 816 4092 Wytflete
848 4010 883 4070 et
913 4001 1010 4084 aliis,2
1042 4004 1078 4068 in
1109 4003 1214 4090 prima
1241 4011 1355 4071 nostra
1386 4007 1544 4093 petitione

506 4110 691 4196 expressius
737 4107 925 4187 nominatis,
963 4128 1037 4193 quse
1074 4128 1133 4192 per
1169 4107 1401 4174 inundationes
1440 4109 1545 4185 maris,

506 4213 689 4289 Humbriae,
725 4217 760 4277 et
794 4211 933 4278 aliorum
956 4209 1132 4276 fluviorum
1165 4209 1201 4275 in
1235 4209 1453 4278 Holdernesse
1475 4233 1548 4277 con·

502 4321 646 4403 sumptae
668 4319 749 4380 sunt
766 4317 801 4380 et
816 4317 958 4378 vastata
980 4311 1016 4376 in
1038 4311 1304 4380 archidiaconatu
1326 4313 1546 4401 Estridingiae,

504 4439 565 4506 pro
588 4417 678 4484 (licta
700 4414 879 4481 medietate
913 4414 1079 4501 praedictae
1111 4413 1247 4481 decimae
1269 4415 1313 4480 ad
1334 4437 1416 4502 opus
1446 4415 1546 4504 ipsius

503 4521 591 4608 regis
612 4517 773 4600 levandae,
796 4539 855 4605 per
877 4515 1172 4582 summonitionem
1190 4517 1354 4584 scaccarii
1375 4519 1547 4603 distringe·

536 4708 544 4741 ¹
561 4707 718 4760 messan
731 4706 823 4758 aeras
835 4714 861 4757 a
877 4703 1001 4771 lenanu
1083 4701 1094 4736 ²
1111 4703 1187 4754 nae
1197 4702 1539 4766 diadumenus

503 4789 567 4852 an.
580 4793 636 4839 rao.
