3578 5874
476 855 541 917 200
653 868 855 921 mncnmrus
876 871 984 921 sense
1005 871 1160 924 ocnsvus
1182 873 1342 924 oremus.

308 1049 458 1169 :pasius
477 1043 613 1110 contro1
645 1043 771 1112 dictum
804 1051 981 1126 tenentem,
1005 1045 1052 1114 sic
1073 1069 1133 1114 nos
1155 1047 1439 1137 impleuitentem,8
1460 1073 1518 1118 xx.

308 1169 600 1262 wyrunoy.m³¹'ffl⁵
631 1152 666 1214 00
696 1149 844 1236 amplius.
891 1150 976 1217 Cum
1006 1150 1107 1216 etiam
1140 1151 1205 1216 hiis
1238 1150 1353 1217 diebus
1390 1151 1523 1239 quintae

308 1274 408 1341 charge
419 1275 449 1326 of
476 1250 602 1316 decime
640 1273 716 1338 pers
737 1253 909 1338 =bonorum
940 1251 1119 1318 laicorum³
1148 1253 1281 1319 domino
1307 1254 1378 1341 regi
1403 1254 1522 1341 saepius

308 1343 456 1474 :ufflyon
476 1375 625 1420 concesse
656 1353 813 1442 populum
846 1354 937 1420 ultro
970 1355 1105 1421 modum
1143 1355 1303 1435 snxieret,
1339 1361 1374 1422 et
1412 1357 1523 1422 omnia

188 1537 191 1544 ,
309 1473 461 1527 themor.
474 1456 573 1522 simul
594 1461 783 1523 tenemento
805 1456 841 1520 in
878 1456 1029 1522 monibus
1060 1457 1286 1544 religiosorum
1319 1457 1520 1539 exsistentia,

475 1563 550 1646 post
571 1581 696 1624 annum
711 1559 904 1626 vicesimum
925 1559 1083 1626 Edwardi
1097 1560 1160 1624 filii
1174 1560 1260 1649 regis
1275 1561 1432 1642 Henrici,⁴
1445 1583 1522 1628 cum

384 1673 388 1682 “
474 1662 540 1727 clio
585 1662 691 1728 lsiooli
727 1662 821 1729 feodo
858 1662 1170 1749 quintamdecimam
1215 1663 1261 1730 sic
1298 1663 1520 1752 persolverent

476 1766 610 1831 domino
624 1765 702 1854 regi,
717 1765 896 1831 manerium
913 1765 954 1831 de
968 1765 1158 1854 Wyselesby
1173 1767 1210 1831 in
1225 1768 1384 1833 comitatu
1393 1766 1520 1832 100001-

475 1867 590 1946 niensi,
623 1891 682 1955 pro
720 1868 848 1935 catellis
884 1868 921 1932 in
951 1891 989 1934 eo
1019 1869 1265 1948 exsistentibus,
1291 1891 1351 1956 pro
1373 1869 1521 1956 qualibet

475 1970 718 2056 quintadecima
739 1971 783 2036 ed
805 1993 860 2038 rs.
898 1969 1018 2036 solidos
1054 1971 1241 2038 texebatur.
1288 1971 1376 2038 Nem
1402 1971 1521 2037 solutio

473 2073 619 2160 ipsorum
642 2075 685 2138 20
707 2072 884 2138 solidorum
907 2095 966 2161 pro
988 2072 1232 2159 quintadecima
1254 2071 1440 2161 000ιί0000ὁ
1463 2096 1522 2162 pro

474 2176 602 2242 catallis
631 2195 688 2240 000
719 2175 863 2240 averiis⁶
896 2175 1000 2262 ipsius
1031 2175 1179 2257 manerii,
1203 2177 1272 2242 sive
1294 2177 1391 2264 plura
1413 2183 1523 2243 essent

474 2277 544 2343 sive
566 2277 728 2364 pauciore,
749 2277 786 2341 in
808 2278 879 2364 ipso
902 2278 1048 2344 monerio
1070 2284 1140 2344 tom
1154 2278 1358 2365 frequentius
1373 2279 1521 2358 inolevit,

474 2379 563 2465 quod
578 2379 614 2443 in
626 2377 776 2463 qualibet
799 2377 1250 2464 0οἰ00000οἱ0000100010007
1272 2381 1336 2468 ipsi
1359 2383 1402 2446 20
1425 2380 1521 2446 solidi

473 2501 555 2546 onus
576 2479 678 2567 ipsius
692 2481 832 2546 manerii
853 2487 887 2548 et
908 2502 977 2547 non
999 2481 1190 2549 cutellomm
1212 2483 1358 2569 ejusdem
1373 2505 1393 2548 0
1408 2505 1522 2568 quem·

307 2589 414 2666 00000
473 2583 623 2670 pluribus
645 2583 838 2649 crederetur.
886 2582 986 2649 Unde
1019 2605 1093 2650 cum
1124 2584 1300 2672 praefctum
1329 2587 1519 2665 manerium,

307 2657 424 2775 affl?
474 2690 513 2750 ut
535 2685 761 2773 praescriptum
784 2690 844 2767 est,
867 2685 981 2751 ubbeti
1004 2691 1038 2752 00
1060 2687 1239 2754 conventui
1260 2687 1302 2752 de
1324 2687 1520 2754 Wellehowe

306 2789 437 2904 pfweue-
474 2786 596 2876 prope⁸
629 2787 817 2875 Grymesby
839 2789 881 2853 ed
903 2788 991 2854 feodi
1013 2789 1143 2854 firmum
1177 2789 1328 2855 dndum⁹
1349 2789 1518 2856 concessis-

306 2871 427 2984 ffiff
474 2912 595 2970 semus.
615 2891 656 2956 de
678 2890 832 2956 omnibus
855 2891 1000 2958 servitiis
1015 2914 1053 2958 ec
1067 2892 1264 2959 omnimodis
1287 2892 1436 2959 oneribus
1461 2915 1519 2979 per

306 2990 446 3105 pgspoeung
474 2993 646 3059 dominum
660 3015 769 3082 regem
785 3015 843 3060 seu
858 3015 1068 3080 quoscunque
1082 2996 1164 3061 elios
1186 2995 1296 3082 aliquo
1317 2994 1442 3083 [modo]
1457 2996 1519 3060 im·

307 3071 410 3174 meffi'
474 3097 589 3183 positis
603 3097 673 3164 sive
685 3096 892 3184 imponendis
905 3097 1198 3178 worantizandum,
1220 3098 1475 3185 acquietsndum
1485 3102 1520 3163 00

474 3201 724 3282 defendendum,
748 3203 850 3269 obbas
872 3209 906 3269 et
928 3201 1077 3269 cononici
1104 3203 1144 3269 de
1175 3203 1374 3270 Wellehowe
1385 3201 1412 3242 ¹⁰
1437 3225 1519 3290 pree

473 3304 555 3370 dicti
569 3327 627 3371 scu
641 3305 826 3371 collectores
850 3303 1037 3390 hujusmodi
1060 3316 1131 3371 xv⁰.
1141 3304 1166 3343 ¹¹
1182 3305 1307 3370 dictum
1329 3305 1520 3385 manerium,

473 3412 508 3472 00
521 3429 588 3472 000
603 3407 723 3474 catella
745 3407 781 3471 in
796 3429 834 3472 eo
856 3413 995 3493 reperte,
1017 3407 1055 3472 in
1077 3407 1225 3494 quolibet
1238 3420 1303 3474 xv¹.
1320 3407 1520 3488 onerabant;

474 3529 512 3574 eo
534 3509 624 3596 quod
652 3512 694 3572 20
717 3508 821 3586 solidi,
844 3529 901 3573 seu
925 3509 1031 3593 majus
1054 3514 1114 3573 000
1135 3509 1253 3588 minus,
1270 3531 1328 3596 pro
1351 3514 1424 3575 rete
1445 3531 1520 3596 por·

473 3609 574 3675 tionis
596 3611 633 3676 in
663 3611 826 3676 solutione
863 3609 1040 3696 cujuslibet
1061 3623 1133 3676 xv⁸.
1158 3612 1247 3678 dicto
1280 3613 1427 3678 manerio
1459 3612 1521 3676 im·

473 3713 574 3799 positi
587 3713 734 3792 frdssent,
751 3712 821 3778 sive
843 3712 938 3800 pluro
953 3713 1022 3777 sive
1045 3712 1199 3799 pauciore
1214 3714 1372 3780 animalis
1390 3719 1519 3802 reperte

473 3813 612 3880 firissent
626 3815 662 3878 in
678 3815 799 3880 eodem.
846 3813 945 3880 Unde
968 3814 1050 3880 dicti
1072 3814 1174 3881 abbas
1189 3821 1223 3881 et
1238 3815 1386 3882 canonici
1400 3837 1461 3882 nos
1475 3815 1519 3881 ed

507 4117 515 4150 ¹
533 4133 603 4172 cum.
623 4121 745 4186 .0000·0]
765 4119 828 4170 nihil
839 4120 914 4171 cessit
923 4119 972 4170 vir·
993 4117 997 4170 Ι
1050 4121 1211 4188 ⁶predicto]
1231 4121 1344 4188 wanting
1355 4122 1383 4172 in
1393 4121 1424 4172 P.

473 4204 527 4248 tute
537 4196 599 4247 dicti
614 4197 708 4262 scripti.
743 4197 901 4264 Quapropter
917 4215 973 4264 per·
1053 4199 1123 4250 iseo
1134 4201 1240 4266 000000]
1260 4203 1372 4267 wanting
1383 4201 1411 4250 in
1421 4201 1452 4252 P.

475 4276 539 4327 didit
549 4291 616 4341 erge,
628 4276 658 4327 P.
1053 4277 1116 4328 ⁷cic
1126 4277 1219 4344 soluta]
1240 4280 1354 4346 wanting
1364 4279 1392 4330 in
1403 4279 1433 4331 P.

507 4355 570 4406 2ric
588 4391 595 4406 .
612 4391 619 4406 .
637 4353 837 4422 implacitanlem]
864 4357 974 4420 wsndng
1052 4355 1218 4407 Β0001100000
1238 4359 1330 4426 prope]
1361 4359 1473 4424 wanting
1493 4358 1520 4409 in

474 4437 499 4490 in
512 4437 543 4489 Ρ.
1019 4435 1047 4484 P.

507 4516 595 4582 ³pcrae
608 4553 614 4566 .
626 4553 633 4566 .
644 4515 772 4582 1000000]
787 4515 897 4581 vmting
909 4518 937 4566 in
944 4517 972 4566 P.
1051 4514 1182 4583 Modum]
1203 4519 1314 4584 wanting
1325 4519 1392 4569 inP.

507 4595 517 4628 ⁴
527 4595 579 4659 filii
596 4633 603 4646 .
621 4633 627 4647 .
644 4593 765 4660 Henricr]
785 4595 859 4660 primi
878 4610 893 4647 0
913 4610 975 4648 000·
1055 4593 1075 4630 ¹⁰
1091 4595 1243 4664 Wellelotoe]
1265 4597 1416 4663 Grynem,
1427 4597 1457 4647 P.

475 4675 710 4744 qnestnaeqnirltr,
722 4676 751 4730 P.
1053 4675 1070 4714 ¹¹
1088 4693 1130 4730 reu
1148 4715 1155 4730 .
1173 4715 1180 4730 .
1197 4678 1263 4747 roffi]
1283 4677 1396 4745 000003
1406 4677 1433 4728 in
1443 4677 1474 4730 P.
