<?xml version="1.0" encoding="UTF-8"?>
<!DOCTYPE html PUBLIC "-//W3C//DTD XHTML 1.0 Transitional//EN"
    "http://www.w3.org/TR/xhtml1/DTD/xhtml1-transitional.dtd">
<html xmlns="http://www.w3.org/1999/xhtml" xml:lang="en" lang="en">
 <head>
  <title>
</title>
<meta http-equiv="Content-Type" content="text/html;charset=utf-8" />
  <meta name='ocr-system' content='tesseract 3.04.00' />
  <meta name='ocr-capabilities' content='ocr_page ocr_carea ocr_par ocr_line ocrx_word'/>
</head>
<body>
  <div class='ocr_page' id='page_1' title='image "./chronicamonaste01thomgoog_0145.png"; bbox 0 0 3610 5890; ppageno 0'>
   <div class='ocr_carea' id='block_1_1' title="bbox 553 933 1368 1002">
    <p class='ocr_par' dir='ltr' id='par_1_1' title="bbox 553 933 1368 1002">
     <span class='ocr_line' id='line_1_1' title="bbox 553 933 1368 1002; baseline 0.002 -12"><span class='ocrx_word' id='word_1_1' title='bbox 553 941 654 992; x_wconf 73' lang='lat' dir='ltr'><strong>rauco</strong></span> <span class='ocrx_word' id='word_1_2' title='bbox 677 940 785 990; x_wconf 76' lang='lat' dir='ltr'><strong>nasas</strong></span> <span class='ocrx_word' id='word_1_3' title='bbox 808 942 962 1002; x_wconf 77' lang='lat' dir='ltr'><strong>oursrus</strong></span> <span class='ocrx_word' id='word_1_4' title='bbox 985 943 1145 993; x_wconf 76' lang='lat' dir='ltr'><strong>narinus.</strong></span> <span class='ocrx_word' id='word_1_5' title='bbox 1289 955 1292 960; x_wconf 96' lang='lat'>·</span> <span class='ocrx_word' id='word_1_6' title='bbox 1325 933 1368 992; x_wconf 70' lang='lat'><strong>33</strong></span> 
     </span>
    </p>
   </div>
   <div class='ocr_carea' id='block_1_2' title="bbox 316 1115 1540 4680">
    <p class='ocr_par' dir='ltr' id='par_1_2' title="bbox 321 1115 1526 1408">
     <span class='ocr_line' id='line_1_2' title="bbox 324 1115 1526 1204; baseline 0.003 -26"><span class='ocrx_word' id='word_1_7' title='bbox 324 1115 467 1181; x_wconf 88' lang='lat' dir='ltr'><strong>habendi</strong></span> <span class='ocrx_word' id='word_1_8' title='bbox 489 1120 612 1182; x_wconf 84' lang='lat' dir='ltr'><strong>sectam</strong></span> <span class='ocrx_word' id='word_1_9' title='bbox 635 1119 679 1184; x_wconf 88' lang='lat' dir='ltr'><strong>ad</strong></span> <span class='ocrx_word' id='word_1_10' title='bbox 701 1117 928 1183; x_wconf 86' lang='lat' dir='ltr'><strong>molendinum</strong></span> <span class='ocrx_word' id='word_1_11' title='bbox 950 1118 1145 1204; x_wconf 67' lang='lat' dir='ltr'><strong>praedictum</strong></span> <span class='ocrx_word' id='word_1_12' title='bbox 1160 1119 1201 1183; x_wconf 92' lang='lat' dir='ltr'><strong>de</strong></span> <span class='ocrx_word' id='word_1_13' title='bbox 1216 1119 1369 1184; x_wconf 89' lang='lat' dir='ltr'><strong>omnibus</strong></span> <span class='ocrx_word' id='word_1_14' title='bbox 1382 1123 1448 1172; x_wconf 73' lang='lat' dir='ltr'><strong>AJ).</strong></span> <span class='ocrx_word' id='word_1_15' title='bbox 1464 1129 1526 1174; x_wconf 76' lang='lat'>¹83⁹</span> 
     </span>
     <span class='ocr_line' id='line_1_3' title="bbox 323 1195 1471 1312; baseline 0.003 -29"><span class='ocrx_word' id='word_1_16' title='bbox 323 1216 429 1284; x_wconf 88' lang='lat' dir='ltr'><strong>bladis</strong></span> <span class='ocrx_word' id='word_1_17' title='bbox 459 1220 679 1286; x_wconf 71' lang='lat' dir='ltr'><strong>crescentibus</strong></span> <span class='ocrx_word' id='word_1_18' title='bbox 701 1221 738 1284; x_wconf 88' lang='lat' dir='ltr'><strong>in</strong></span> <span class='ocrx_word' id='word_1_19' title='bbox 760 1221 906 1286; x_wconf 90' lang='lat' dir='ltr'><strong>manerio</strong></span> <span class='ocrx_word' id='word_1_20' title='bbox 929 1221 1095 1312; x_wconf 77' lang='lat' dir='ltr'><strong>praedicto,</strong></span> <span class='ocrx_word' id='word_1_21' title='bbox 1120 1226 1189 1286; x_wconf 87' lang='lat' dir='ltr'><strong>tam</strong></span> <span class='ocrx_word' id='word_1_22' title='bbox 1212 1221 1255 1286; x_wconf 93' lang='lat' dir='ltr'><strong>ad</strong></span> <span class='ocrx_word' id='word_1_23' title='bbox 1278 1195 1471 1286; x_wconf 71' lang='lat' dir='ltr'><strong>men-&#39;&#39;¹³⁴9&#39;</strong></span> 
     </span>
     <span class='ocr_line' id='line_1_4' title="bbox 321 1320 1370 1408; baseline 0.004 -23"><span class='ocrx_word' id='word_1_24' title='bbox 321 1341 391 1384; x_wconf 86' lang='lat' dir='ltr'><strong>sam</strong></span> <span class='ocrx_word' id='word_1_25' title='bbox 412 1320 572 1387; x_wconf 87' lang='lat' dir='ltr'><strong>abbatum</strong></span> <span class='ocrx_word' id='word_1_26' title='bbox 594 1327 781 1387; x_wconf 87' lang='lat' dir='ltr'><strong>nostrornm</strong></span> <span class='ocrx_word' id='word_1_27' title='bbox 803 1321 1010 1408; x_wconf 84' lang='lat' dir='ltr'><strong>expenditis¹</strong></span> <span class='ocrx_word' id='word_1_28' title='bbox 1026 1345 1124 1408; x_wconf 91' lang='lat' dir='ltr'><strong>quam</strong></span> <span class='ocrx_word' id='word_1_29' title='bbox 1147 1323 1188 1388; x_wconf 89' lang='lat' dir='ltr'><strong>de</strong></span> <span class='ocrx_word' id='word_1_30' title='bbox 1210 1323 1283 1388; x_wconf 89' lang='lat' dir='ltr'><strong>aliis</strong></span> <span class='ocrx_word' id='word_1_31' title='bbox 1299 1324 1370 1390; x_wconf 90' lang='lat' dir='ltr'><strong>bla-</strong></span> 
     </span>
    </p>

    <p class='ocr_par' dir='ltr' id='par_1_3' title="bbox 322 1420 1370 1513">
     <span class='ocr_line' id='line_1_5' title="bbox 322 1420 1370 1513; baseline 0.005 -26"><span class='ocrx_word' id='word_1_32' title='bbox 322 1420 372 1487; x_wconf 89' lang='lat' dir='ltr'><strong>dis</strong></span> <span class='ocrx_word' id='word_1_33' title='bbox 401 1422 548 1489; x_wconf 89' lang='lat' dir='ltr'><strong>liberatis</strong></span> <span class='ocrx_word' id='word_1_34' title='bbox 570 1429 606 1490; x_wconf 92' lang='lat' dir='ltr'><strong>et</strong></span> <span class='ocrx_word' id='word_1_35' title='bbox 628 1423 834 1511; x_wconf 87' lang='lat' dir='ltr'><strong>expenditis¹</strong></span> <span class='ocrx_word' id='word_1_36' title='bbox 858 1446 915 1510; x_wconf 90' lang='lat' dir='ltr'><strong>per</strong></span> <span class='ocrx_word' id='word_1_37' title='bbox 937 1425 1118 1490; x_wconf 70' lang='lat' dir='ltr'><strong>servientes</strong></span> <span class='ocrx_word' id='word_1_38' title='bbox 1140 1425 1244 1513; x_wconf 88' lang='lat' dir='ltr'><strong>ipsius</strong></span> <span class='ocrx_word' id='word_1_39' title='bbox 1259 1448 1370 1492; x_wconf 91' lang='lat' dir='ltr'><strong>mane-</strong></span> 
     </span>
    </p>

    <p class='ocr_par' dir='ltr' id='par_1_4' title="bbox 321 1524 1370 1698">
     <span class='ocr_line' id='line_1_6' title="bbox 321 1524 1370 1605; baseline 0.004 -15"><span class='ocrx_word' id='word_1_40' title='bbox 321 1524 372 1605; x_wconf 87' lang='lat' dir='ltr'><strong>rii,</strong></span> <span class='ocrx_word' id='word_1_41' title='bbox 397 1531 432 1591; x_wconf 88' lang='lat' dir='ltr'><strong>et</strong></span> <span class='ocrx_word' id='word_1_42' title='bbox 454 1527 556 1592; x_wconf 86' lang='lat' dir='ltr'><strong>etiam</strong></span> <span class='ocrx_word' id='word_1_43' title='bbox 578 1526 620 1591; x_wconf 92' lang='lat' dir='ltr'><strong>de</strong></span> <span class='ocrx_word' id='word_1_44' title='bbox 643 1526 797 1592; x_wconf 90' lang='lat' dir='ltr'><strong>omnibus</strong></span> <span class='ocrx_word' id='word_1_45' title='bbox 819 1526 925 1591; x_wconf 90' lang='lat' dir='ltr'><strong>bladis</strong></span> <span class='ocrx_word' id='word_1_46' title='bbox 949 1527 1169 1592; x_wconf 85' lang='lat' dir='ltr'><strong>crescentibus</strong></span> <span class='ocrx_word' id='word_1_47' title='bbox 1206 1528 1243 1592; x_wconf 87' lang='lat' dir='ltr'><strong>in</strong></span> <span class='ocrx_word' id='word_1_48' title='bbox 1273 1531 1370 1594; x_wconf 87' lang='lat' dir='ltr'><strong>terris</strong></span> 
     </span>
     <span class='ocr_line' id='line_1_7' title="bbox 321 1627 1370 1698; baseline 0.006 -6"><span class='ocrx_word' id='word_1_49' title='bbox 321 1627 505 1694; x_wconf 85' lang='lat' dir='ltr'><strong>tenentium</strong></span> <span class='ocrx_word' id='word_1_50' title='bbox 529 1629 573 1694; x_wconf 88' lang='lat' dir='ltr'><strong>ad</strong></span> <span class='ocrx_word' id='word_1_51' title='bbox 594 1629 773 1694; x_wconf 88' lang='lat' dir='ltr'><strong>terminum</strong></span> <span class='ocrx_word' id='word_1_52' title='bbox 804 1649 965 1694; x_wconf 90' lang='lat' dir='ltr'><strong>annorum</strong></span> <span class='ocrx_word' id='word_1_53' title='bbox 996 1628 1050 1694; x_wconf 86' lang='lat' dir='ltr'><strong>vel</strong></span> <span class='ocrx_word' id='word_1_54' title='bbox 1083 1628 1125 1694; x_wconf 85' lang='lat' dir='ltr'><strong>ad</strong></span> <span class='ocrx_word' id='word_1_55' title='bbox 1163 1629 1370 1698; x_wconf 87' lang='lat' dir='ltr'><strong>voluntatem</strong></span> 
     </span>
    </p>

    <p class='ocr_par' dir='ltr' id='par_1_5' title="bbox 320 1730 1500 2220">
     <span class='ocr_line' id='line_1_8' title="bbox 321 1730 1476 1821; baseline 0.005 -28"><span class='ocrx_word' id='word_1_56' title='bbox 321 1733 356 1794; x_wconf 87' lang='lat' dir='ltr'><strong>et</strong></span> <span class='ocrx_word' id='word_1_57' title='bbox 376 1751 436 1816; x_wconf 88' lang='lat' dir='ltr'><strong>per</strong></span> <span class='ocrx_word' id='word_1_58' title='bbox 457 1731 588 1796; x_wconf 88' lang='lat' dir='ltr'><strong>cosdem</strong></span> <span class='ocrx_word' id='word_1_59' title='bbox 611 1734 762 1796; x_wconf 82' lang='lat' dir='ltr'><strong>tenentes</strong></span> <span class='ocrx_word' id='word_1_60' title='bbox 776 1730 899 1796; x_wconf 84' lang='lat' dir='ltr'><strong>ibidem</strong></span> <span class='ocrx_word' id='word_1_61' title='bbox 920 1731 1116 1817; x_wconf 87' lang='lat' dir='ltr'><strong>expenditis,</strong></span> <span class='ocrx_word' id='word_1_62' title='bbox 1133 1733 1476 1821; x_wconf 50' lang='lat' dir='ltr'><strong>cognovimustsma</strong></span> 
     </span>
     <span class='ocr_line' id='line_1_9' title="bbox 321 1806 1500 1923; baseline 0.003 -25"><span class='ocrx_word' id='word_1_63' title='bbox 321 1829 475 1917; x_wconf 80' lang='lat' dir='ltr'><strong>praefatos</strong></span> <span class='ocrx_word' id='word_1_64' title='bbox 497 1833 668 1898; x_wconf 88' lang='lat' dir='ltr'><strong>canonicos</strong></span> <span class='ocrx_word' id='word_1_65' title='bbox 682 1833 802 1898; x_wconf 85' lang='lat' dir='ltr'><strong>babere</strong></span> <span class='ocrx_word' id='word_1_66' title='bbox 818 1831 936 1897; x_wconf 87' lang='lat' dir='ltr'><strong>debere</strong></span> <span class='ocrx_word' id='word_1_67' title='bbox 951 1837 1073 1898; x_wconf 87' lang='lat' dir='ltr'><strong>sectam</strong></span> <span class='ocrx_word' id='word_1_68' title='bbox 1088 1833 1132 1897; x_wconf 88' lang='lat' dir='ltr'><strong>ad</strong></span> <span class='ocrx_word' id='word_1_69' title='bbox 1146 1833 1371 1902; x_wconf 88' lang='lat' dir='ltr'><strong>molendinum</strong></span> <span class='ocrx_word' id='word_1_70' title='bbox 1383 1806 1500 1923; x_wconf 42' lang='lat' dir='ltr'><strong>{mii</strong></span> 
     </span>
     <span class='ocr_line' id='line_1_10' title="bbox 321 1933 1478 2020; baseline 0.003 -20"><span class='ocrx_word' id='word_1_71' title='bbox 321 1933 528 2018; x_wconf 77' lang='lat' dir='ltr'><strong>predictum,</strong></span> <span class='ocrx_word' id='word_1_72' title='bbox 551 1934 701 2000; x_wconf 90' lang='lat' dir='ltr'><strong>faciendo</strong></span> <span class='ocrx_word' id='word_1_73' title='bbox 723 1934 903 2001; x_wconf 83' lang='lat' dir='ltr'><strong>multuram</strong></span> <span class='ocrx_word' id='word_1_74' title='bbox 926 1955 986 2020; x_wconf 86' lang='lat' dir='ltr'><strong>pro</strong></span> <span class='ocrx_word' id='word_1_75' title='bbox 1016 1933 1123 1999; x_wconf 83' lang='lat' dir='ltr'><strong>bladis</strong></span> <span class='ocrx_word' id='word_1_76' title='bbox 1151 1937 1371 2003; x_wconf 87' lang='lat' dir='ltr'><strong>crescentibus</strong></span> <span class='ocrx_word' id='word_1_77' title='bbox 1382 1937 1478 2004; x_wconf 67' lang='lat' dir='ltr'><strong>lodged.</strong></span> 
     </span>
     <span class='ocr_line' id='line_1_11' title="bbox 320 2034 1367 2123; baseline 0.006 -23"><span class='ocrx_word' id='word_1_78' title='bbox 320 2035 357 2100; x_wconf 89' lang='lat' dir='ltr'><strong>in</strong></span> <span class='ocrx_word' id='word_1_79' title='bbox 386 2037 532 2102; x_wconf 89' lang='lat' dir='ltr'><strong>manerio</strong></span> <span class='ocrx_word' id='word_1_80' title='bbox 554 2036 713 2123; x_wconf 85' lang='lat' dir='ltr'><strong>praedicto</strong></span> <span class='ocrx_word' id='word_1_81' title='bbox 737 2034 961 2122; x_wconf 86' lang='lat' dir='ltr'><strong>expendendis</strong></span> <span class='ocrx_word' id='word_1_82' title='bbox 975 2036 1019 2100; x_wconf 92' lang='lat' dir='ltr'><strong>ad</strong></span> <span class='ocrx_word' id='word_1_83' title='bbox 1041 2057 1186 2100; x_wconf 89' lang='lat' dir='ltr'><strong>mensam</strong></span> <span class='ocrx_word' id='word_1_84' title='bbox 1210 2039 1367 2106; x_wconf 86' lang='lat' dir='ltr'><strong>abbatum</strong></span> 
     </span>
     <span class='ocr_line' id='line_1_12' title="bbox 321 2137 1370 2220; baseline 0.004 -18"><span class='ocrx_word' id='word_1_85' title='bbox 321 2143 507 2204; x_wconf 89' lang='lat' dir='ltr'><strong>nostrorum</strong></span> <span class='ocrx_word' id='word_1_86' title='bbox 529 2137 660 2216; x_wconf 89' lang='lat' dir='ltr'><strong>ibidem,</strong></span> <span class='ocrx_word' id='word_1_87' title='bbox 698 2137 741 2202; x_wconf 86' lang='lat' dir='ltr'><strong>ad</strong></span> <span class='ocrx_word' id='word_1_88' title='bbox 772 2159 832 2202; x_wconf 88' lang='lat' dir='ltr'><strong>vas</strong></span> <span class='ocrx_word' id='word_1_89' title='bbox 869 2137 1062 2204; x_wconf 89' lang='lat' dir='ltr'><strong>vicesimum</strong></span> <span class='ocrx_word' id='word_1_90' title='bbox 1100 2145 1241 2220; x_wconf 87' lang='lat' dir='ltr'><strong>sextum,</strong></span> <span class='ocrx_word' id='word_1_91' title='bbox 1272 2143 1370 2208; x_wconf 88' lang='lat' dir='ltr'><strong>etde</strong></span> 
     </span>
    </p>

    <p class='ocr_par' dir='ltr' id='par_1_6' title="bbox 321 2237 1372 2533">
     <span class='ocr_line' id='line_1_13' title="bbox 321 2237 1370 2310; baseline 0.004 -5"><span class='ocrx_word' id='word_1_92' title='bbox 321 2237 429 2305; x_wconf 78' lang='lat' dir='ltr'><strong>bladis</strong></span> <span class='ocrx_word' id='word_1_93' title='bbox 465 2239 683 2306; x_wconf 75' lang='lat' dir='ltr'><strong>crescentibus</strong></span> <span class='ocrx_word' id='word_1_94' title='bbox 718 2241 753 2304; x_wconf 89' lang='lat' dir='ltr'><strong>in</strong></span> <span class='ocrx_word' id='word_1_95' title='bbox 790 2239 889 2305; x_wconf 88' lang='lat' dir='ltr'><strong>terris</strong></span> <span class='ocrx_word' id='word_1_96' title='bbox 918 2240 1104 2305; x_wconf 84' lang='lat' dir='ltr'><strong>tenentium</strong></span> <span class='ocrx_word' id='word_1_97' title='bbox 1127 2241 1170 2306; x_wconf 90' lang='lat' dir='ltr'><strong>ad</strong></span> <span class='ocrx_word' id='word_1_98' title='bbox 1192 2243 1370 2310; x_wconf 83' lang='lat' dir='ltr'><strong>terminum</strong></span> 
     </span>
     <span class='ocr_line' id='line_1_14' title="bbox 322 2343 1372 2433; baseline 0.003 -25"><span class='ocrx_word' id='word_1_99' title='bbox 322 2365 481 2409; x_wconf 85' lang='lat' dir='ltr'><strong>annorum</strong></span> <span class='ocrx_word' id='word_1_100' title='bbox 519 2344 573 2409; x_wconf 86' lang='lat' dir='ltr'><strong>vel</strong></span> <span class='ocrx_word' id='word_1_101' title='bbox 610 2343 654 2409; x_wconf 88' lang='lat' dir='ltr'><strong>ad</strong></span> <span class='ocrx_word' id='word_1_102' title='bbox 683 2343 890 2408; x_wconf 84' lang='lat' dir='ltr'><strong>voluntatem</strong></span> <span class='ocrx_word' id='word_1_103' title='bbox 929 2349 963 2408; x_wconf 89' lang='lat' dir='ltr'><strong>et</strong></span> <span class='ocrx_word' id='word_1_104' title='bbox 1001 2344 1291 2429; x_wconf 86' lang='lat' dir='ltr'><strong>expendendorum</strong></span> <span class='ocrx_word' id='word_1_105' title='bbox 1314 2369 1372 2433; x_wconf 86' lang='lat' dir='ltr'><strong>per</strong></span> 
     </span>
     <span class='ocr_line' id='line_1_15' title="bbox 321 2443 1369 2533; baseline 0.002 -21"><span class='ocrx_word' id='word_1_106' title='bbox 321 2445 459 2525; x_wconf 89' lang='lat' dir='ltr'><strong>eosdem,</strong></span> <span class='ocrx_word' id='word_1_107' title='bbox 481 2468 519 2513; x_wconf 86' lang='lat' dir='ltr'><strong>ac</strong></span> <span class='ocrx_word' id='word_1_108' title='bbox 541 2447 641 2512; x_wconf 87' lang='lat' dir='ltr'><strong>etiam</strong></span> <span class='ocrx_word' id='word_1_109' title='bbox 676 2445 717 2510; x_wconf 89' lang='lat' dir='ltr'><strong>de</strong></span> <span class='ocrx_word' id='word_1_110' title='bbox 738 2443 846 2510; x_wconf 79' lang='lat' dir='ltr'><strong>bladis</strong></span> <span class='ocrx_word' id='word_1_111' title='bbox 868 2444 1017 2510; x_wconf 87' lang='lat' dir='ltr'><strong>liberatis</strong></span> <span class='ocrx_word' id='word_1_112' title='bbox 1032 2453 1068 2510; x_wconf 86' lang='lat' dir='ltr'><strong>et</strong></span> <span class='ocrx_word' id='word_1_113' title='bbox 1090 2447 1312 2533; x_wconf 85' lang='lat' dir='ltr'><strong>expendendis</strong></span> <span class='ocrx_word' id='word_1_114' title='bbox 1334 2451 1369 2514; x_wconf 90' lang='lat' dir='ltr'><strong>in</strong></span> 
     </span>
    </p>

    <p class='ocr_par' dir='ltr' id='par_1_7' title="bbox 321 2546 1372 2720">
     <span class='ocr_line' id='line_1_16' title="bbox 322 2546 1372 2635; baseline 0.002 -20"><span class='ocrx_word' id='word_1_115' title='bbox 322 2571 434 2616; x_wconf 88' lang='lat' dir='ltr'><strong>eorum</strong></span> <span class='ocrx_word' id='word_1_116' title='bbox 465 2549 619 2627; x_wconf 89' lang='lat' dir='ltr'><strong>manerio,</strong></span> <span class='ocrx_word' id='word_1_117' title='bbox 644 2547 687 2612; x_wconf 88' lang='lat' dir='ltr'><strong>ad</strong></span> <span class='ocrx_word' id='word_1_118' title='bbox 709 2569 768 2612; x_wconf 87' lang='lat' dir='ltr'><strong>vas</strong></span> <span class='ocrx_word' id='word_1_119' title='bbox 790 2547 989 2612; x_wconf 89' lang='lat' dir='ltr'><strong>vicesimum.</strong></span> <span class='ocrx_word' id='word_1_120' title='bbox 1046 2546 1263 2635; x_wconf 75' lang='lat' dir='ltr'><strong>Quapropter,</strong></span> <span class='ocrx_word' id='word_1_121' title='bbox 1296 2573 1372 2617; x_wconf 88' lang='lat' dir='ltr'><strong>con-</strong></span> 
     </span>
     <span class='ocr_line' id='line_1_17' title="bbox 321 2649 1368 2720; baseline 0 -2"><span class='ocrx_word' id='word_1_122' title='bbox 321 2652 474 2718; x_wconf 86' lang='lat' dir='ltr'><strong>cessimus</strong></span> <span class='ocrx_word' id='word_1_123' title='bbox 496 2650 621 2717; x_wconf 86' lang='lat' dir='ltr'><strong>eisdcm</strong></span> <span class='ocrx_word' id='word_1_124' title='bbox 643 2649 808 2716; x_wconf 87' lang='lat' dir='ltr'><strong>canonicis</strong></span> <span class='ocrx_word' id='word_1_125' title='bbox 830 2670 890 2714; x_wconf 91' lang='lat' dir='ltr'><strong>nos</strong></span> <span class='ocrx_word' id='word_1_126' title='bbox 912 2649 953 2714; x_wconf 94' lang='lat' dir='ltr'><strong>de</strong></span> <span class='ocrx_word' id='word_1_127' title='bbox 976 2655 1094 2716; x_wconf 84' lang='lat' dir='ltr'><strong>caetero</strong></span> <span class='ocrx_word' id='word_1_128' title='bbox 1118 2649 1234 2718; x_wconf 84' lang='lat' dir='ltr'><strong>debere</strong></span> <span class='ocrx_word' id='word_1_129' title='bbox 1249 2659 1368 2720; x_wconf 87' lang='lat' dir='ltr'><strong>sectam</strong></span> 
     </span>
    </p>

    <p class='ocr_par' dir='ltr' id='par_1_8' title="bbox 320 2752 1370 2945">
     <span class='ocr_line' id='line_1_18' title="bbox 321 2752 1370 2841; baseline 0.002 -21"><span class='ocrx_word' id='word_1_130' title='bbox 321 2755 363 2820; x_wconf 87' lang='lat' dir='ltr'><strong>ad</strong></span> <span class='ocrx_word' id='word_1_131' title='bbox 386 2753 611 2821; x_wconf 87' lang='lat' dir='ltr'><strong>molendinum</strong></span> <span class='ocrx_word' id='word_1_132' title='bbox 635 2775 731 2818; x_wconf 89' lang='lat' dir='ltr'><strong>suum</strong></span> <span class='ocrx_word' id='word_1_133' title='bbox 758 2752 951 2839; x_wconf 85' lang='lat' dir='ltr'><strong>praedictum</strong></span> <span class='ocrx_word' id='word_1_134' title='bbox 984 2753 1024 2816; x_wconf 90' lang='lat' dir='ltr'><strong>de</strong></span> <span class='ocrx_word' id='word_1_135' title='bbox 1056 2752 1163 2818; x_wconf 81' lang='lat' dir='ltr'><strong>bladis</strong></span> <span class='ocrx_word' id='word_1_136' title='bbox 1196 2756 1370 2841; x_wconf 81' lang='lat' dir='ltr'><strong>praedictis¹</strong></span> 
     </span>
     <span class='ocr_line' id='line_1_19' title="bbox 320 2853 1369 2945; baseline 0 -21"><span class='ocrx_word' id='word_1_137' title='bbox 320 2859 478 2945; x_wconf 87' lang='lat' dir='ltr'><strong>capiendo</strong></span> <span class='ocrx_word' id='word_1_138' title='bbox 516 2855 697 2940; x_wconf 71' lang='lat' dir='ltr'><strong>molturam</strong></span> <span class='ocrx_word' id='word_1_139' title='bbox 722 2855 824 2940; x_wconf 85' lang='lat' dir='ltr'><strong>juxta</strong></span> <span class='ocrx_word' id='word_1_140' title='bbox 855 2853 993 2918; x_wconf 85' lang='lat' dir='ltr'><strong>formam</strong></span> <span class='ocrx_word' id='word_1_141' title='bbox 1025 2855 1256 2941; x_wconf 81' lang='lat' dir='ltr'><strong>recognitionis</strong></span> <span class='ocrx_word' id='word_1_142' title='bbox 1288 2881 1369 2944; x_wconf 85' lang='lat' dir='ltr'><strong>pree-</strong></span> 
     </span>
    </p>

    <p class='ocr_par' dir='ltr' id='par_1_9' title="bbox 321 2956 1540 3353">
     <span class='ocr_line' id='line_1_20' title="bbox 322 2956 1540 3043; baseline 0.001 -17"><span class='ocrx_word' id='word_1_143' title='bbox 322 2961 428 3040; x_wconf 84' lang='lat' dir='ltr'><strong>dictae,</strong></span> <span class='ocrx_word' id='word_1_144' title='bbox 463 2960 533 3024; x_wconf 89' lang='lat' dir='ltr'><strong>sine</strong></span> <span class='ocrx_word' id='word_1_145' title='bbox 571 2957 829 3024; x_wconf 81' lang='lat' dir='ltr'><strong>contradictione</strong></span> <span class='ocrx_word' id='word_1_146' title='bbox 861 2956 1102 3041; x_wconf 90' lang='lat' dir='ltr'><strong>qualicunque;</strong></span> <span class='ocrx_word' id='word_1_147' title='bbox 1138 2959 1540 3043; x_wconf 61' lang='lat' dir='ltr'><strong>promittentesnemmw</strong></span> 
     </span>
     <span class='ocr_line' id='line_1_21' title="bbox 321 3049 1538 3131; baseline 0.002 -3"><span class='ocrx_word' id='word_1_148' title='bbox 321 3085 382 3128; x_wconf 88' lang='lat' dir='ltr'><strong>nos</strong></span> <span class='ocrx_word' id='word_1_149' title='bbox 403 3061 629 3128; x_wconf 89' lang='lat' dir='ltr'><strong>molendinum</strong></span> <span class='ocrx_word' id='word_1_150' title='bbox 644 3064 794 3124; x_wconf 89' lang='lat' dir='ltr'><strong>nostrum</strong></span> <span class='ocrx_word' id='word_1_151' title='bbox 810 3059 1009 3124; x_wconf 87' lang='lat' dir='ltr'><strong>ventricium</strong></span> <span class='ocrx_word' id='word_1_152' title='bbox 1032 3057 1119 3122; x_wconf 87' lang='lat' dir='ltr'><strong>infra</strong></span> <span class='ocrx_word' id='word_1_153' title='bbox 1140 3081 1264 3126; x_wconf 87' lang='lat' dir='ltr'><strong>annum</strong></span> <span class='ocrx_word' id='word_1_154' title='bbox 1280 3084 1368 3128; x_wconf 86' lang='lat' dir='ltr'><strong>amo·</strong></span> <span class='ocrx_word' id='word_1_155' title='bbox 1382 3049 1424 3128; x_wconf 68' lang='lat'><strong>¹¹¹?</strong></span> <span class='ocrx_word' id='word_1_156' title='bbox 1435 3053 1538 3131; x_wconf 72' lang='lat' dir='ltr'><strong>abney’s</strong></span> 
     </span>
     <span class='ocr_line' id='line_1_22' title="bbox 321 3119 1511 3250; baseline 0 -20"><span class='ocrx_word' id='word_1_157' title='bbox 321 3187 407 3244; x_wconf 85' lang='lat' dir='ltr'><strong>vere,</strong></span> <span class='ocrx_word' id='word_1_158' title='bbox 429 3165 551 3250; x_wconf 89' lang='lat' dir='ltr'><strong>absque</strong></span> <span class='ocrx_word' id='word_1_159' title='bbox 573 3161 685 3248; x_wconf 89' lang='lat' dir='ltr'><strong>aliquo</strong></span> <span class='ocrx_word' id='word_1_160' title='bbox 708 3161 772 3227; x_wconf 90' lang='lat' dir='ltr'><strong>alio</strong></span> <span class='ocrx_word' id='word_1_161' title='bbox 796 3159 955 3226; x_wconf 88' lang='lat' dir='ltr'><strong>ventrieio</strong></span> <span class='ocrx_word' id='word_1_162' title='bbox 978 3161 1033 3224; x_wconf 86' lang='lat' dir='ltr'><strong>vel</strong></span> <span class='ocrx_word' id='word_1_163' title='bbox 1055 3161 1206 3246; x_wconf 88' lang='lat' dir='ltr'><strong>aquatico</strong></span> <span class='ocrx_word' id='word_1_164' title='bbox 1229 3185 1288 3248; x_wconf 89' lang='lat' dir='ltr'><strong>per</strong></span> <span class='ocrx_word' id='word_1_165' title='bbox 1310 3187 1369 3230; x_wconf 88' lang='lat' dir='ltr'><strong>nos</strong></span> <span class='ocrx_word' id='word_1_166' title='bbox 1382 3119 1511 3170; x_wconf 64' lang='lat' dir='ltr'><strong>mdmffl&#39;</strong></span> 
     </span>
     <span class='ocr_line' id='line_1_23' title="bbox 323 3261 1369 3353; baseline 0.001 -22"><span class='ocrx_word' id='word_1_167' title='bbox 323 3268 565 3353; x_wconf 85' lang='lat' dir='ltr'><strong>imperpetuum</strong></span> <span class='ocrx_word' id='word_1_168' title='bbox 586 3265 623 3328; x_wconf 92' lang='lat' dir='ltr'><strong>in</strong></span> <span class='ocrx_word' id='word_1_169' title='bbox 646 3264 760 3328; x_wconf 90' lang='lat' dir='ltr'><strong>eadem</strong></span> <span class='ocrx_word' id='word_1_170' title='bbox 783 3262 864 3327; x_wconf 89' lang='lat' dir='ltr'><strong>villa</strong></span> <span class='ocrx_word' id='word_1_171' title='bbox 886 3261 1070 3328; x_wconf 86' lang='lat' dir='ltr'><strong>relevando.</strong></span> <span class='ocrx_word' id='word_1_172' title='bbox 1117 3262 1243 3327; x_wconf 88' lang='lat' dir='ltr'><strong>Iterum</strong></span> <span class='ocrx_word' id='word_1_173' title='bbox 1267 3266 1313 3330; x_wconf 86' lang='lat' dir='ltr'><strong>eis</strong></span> <span class='ocrx_word' id='word_1_174' title='bbox 1329 3268 1369 3332; x_wconf 92' lang='lat' dir='ltr'><strong>de</strong></span> 
     </span>
    </p>

    <p class='ocr_par' dir='ltr' id='par_1_10' title="bbox 323 3363 1369 3452">
     <span class='ocr_line' id='line_1_24' title="bbox 323 3363 1369 3452; baseline -0.001 -18"><span class='ocrx_word' id='word_1_175' title='bbox 323 3389 410 3434; x_wconf 87' lang='lat' dir='ltr'><strong>novo</strong></span> <span class='ocrx_word' id='word_1_176' title='bbox 425 3366 638 3433; x_wconf 80' lang='lat' dir='ltr'><strong>concedentes</strong></span> <span class='ocrx_word' id='word_1_177' title='bbox 661 3367 748 3452; x_wconf 85' lang='lat' dir='ltr'><strong>ipsos</strong></span> <span class='ocrx_word' id='word_1_178' title='bbox 770 3364 942 3430; x_wconf 87' lang='lat' dir='ltr'><strong>canonicos</strong></span> <span class='ocrx_word' id='word_1_179' title='bbox 972 3363 1143 3428; x_wconf 87' lang='lat' dir='ltr'><strong>habituros</strong></span> <span class='ocrx_word' id='word_1_180' title='bbox 1165 3386 1277 3432; x_wconf 86' lang='lat' dir='ltr'><strong>omnes</strong></span> <span class='ocrx_word' id='word_1_181' title='bbox 1299 3367 1369 3433; x_wconf 80' lang='lat' dir='ltr'><strong>vias</strong></span> 
     </span>
    </p>

    <p class='ocr_par' dir='ltr' id='par_1_11' title="bbox 316 3466 1535 3964">
     <span class='ocr_line' id='line_1_25' title="bbox 322 3466 1368 3549; baseline -0.003 -12"><span class='ocrx_word' id='word_1_182' title='bbox 322 3477 357 3537; x_wconf 87' lang='lat' dir='ltr'><strong>et</strong></span> <span class='ocrx_word' id='word_1_183' title='bbox 379 3471 521 3549; x_wconf 84' lang='lat' dir='ltr'><strong>semitas,</strong></span> <span class='ocrx_word' id='word_1_184' title='bbox 545 3474 580 3534; x_wconf 92' lang='lat' dir='ltr'><strong>et</strong></span> <span class='ocrx_word' id='word_1_185' title='bbox 610 3467 722 3534; x_wconf 87' lang='lat' dir='ltr'><strong>omnia</strong></span> <span class='ocrx_word' id='word_1_186' title='bbox 752 3467 818 3532; x_wconf 89' lang='lat' dir='ltr'><strong>alia</strong></span> <span class='ocrx_word' id='word_1_187' title='bbox 851 3466 1044 3532; x_wconf 76' lang='lat' dir='ltr'><strong>aisiamenta</strong></span> <span class='ocrx_word' id='word_1_188' title='bbox 1069 3466 1112 3530; x_wconf 87' lang='lat' dir='ltr'><strong>ad</strong></span> <span class='ocrx_word' id='word_1_189' title='bbox 1145 3467 1368 3534; x_wconf 88' lang='lat' dir='ltr'><strong>molendinum</strong></span> 
     </span>
     <span class='ocr_line' id='line_1_26' title="bbox 321 3567 1535 3658; baseline 0 -20"><span class='ocrx_word' id='word_1_190' title='bbox 321 3569 455 3639; x_wconf 79' lang='lat' dir='ltr'><strong>eorum⁸</strong></span> <span class='ocrx_word' id='word_1_191' title='bbox 488 3571 563 3657; x_wconf 86' lang='lat' dir='ltr'><strong>jure</strong></span> <span class='ocrx_word' id='word_1_192' title='bbox 597 3569 789 3658; x_wconf 84' lang='lat' dir='ltr'><strong>spectantia,</strong></span> <span class='ocrx_word' id='word_1_193' title='bbox 811 3573 845 3634; x_wconf 94' lang='lat' dir='ltr'><strong>et</strong></span> <span class='ocrx_word' id='word_1_194' title='bbox 877 3567 1041 3653; x_wconf 85' lang='lat' dir='ltr'><strong>quendam</strong></span> <span class='ocrx_word' id='word_1_195' title='bbox 1079 3569 1185 3633; x_wconf 90' lang='lat' dir='ltr'><strong>locum</strong></span> <span class='ocrx_word' id='word_1_196' title='bbox 1215 3577 1368 3636; x_wconf 86' lang='lat' dir='ltr'><strong>vocatum</strong></span> <span class='ocrx_word' id='word_1_197' title='bbox 1382 3585 1535 3638; x_wconf 77' lang='lat' dir='ltr'><strong>Concession</strong></span> 
     </span>
     <span class='ocr_line' id='line_1_27' title="bbox 321 3651 1520 3770; baseline -0.001 -28"><span class='ocrx_word' id='word_1_198' title='bbox 321 3675 501 3753; x_wconf 75' lang='lat' dir='ltr'><strong>Tbakdem</strong></span> <span class='ocrx_word' id='word_1_199' title='bbox 529 3695 587 3760; x_wconf 89' lang='lat' dir='ltr'><strong>per</strong></span> <span class='ocrx_word' id='word_1_200' title='bbox 609 3675 713 3738; x_wconf 83' lang='lat' dir='ltr'><strong>metas</strong></span> <span class='ocrx_word' id='word_1_201' title='bbox 736 3678 770 3737; x_wconf 89' lang='lat' dir='ltr'><strong>et</strong></span> <span class='ocrx_word' id='word_1_202' title='bbox 792 3669 922 3736; x_wconf 88' lang='lat' dir='ltr'><strong>bundas</strong></span> <span class='ocrx_word' id='word_1_203' title='bbox 943 3690 1002 3757; x_wconf 88' lang='lat' dir='ltr'><strong>per</strong></span> <span class='ocrx_word' id='word_1_204' title='bbox 1023 3669 1177 3756; x_wconf 80' lang='lat' dir='ltr'><strong>praefatos</strong></span> <span class='ocrx_word' id='word_1_205' title='bbox 1198 3675 1368 3740; x_wconf 86' lang='lat' dir='ltr'><strong>canonicos</strong></span> <span class='ocrx_word' id='word_1_206' title='bbox 1380 3651 1520 3770; x_wconf 52' lang='lat' dir='ltr'><strong>ffluk&#39;</strong></span> 
     </span>
     <span class='ocr_line' id='line_1_28' title="bbox 316 3771 1368 3864; baseline -0.001 -20"><span class='ocrx_word' id='word_1_207' title='bbox 316 3779 416 3864; x_wconf 83' lang='lat' dir='ltr'><strong>juxta</strong></span> <span class='ocrx_word' id='word_1_208' title='bbox 438 3775 673 3843; x_wconf 86' lang='lat' dir='ltr'><strong>conscientiam</strong></span> <span class='ocrx_word' id='word_1_209' title='bbox 712 3794 804 3840; x_wconf 87' lang='lat' dir='ltr'><strong>suam</strong></span> <span class='ocrx_word' id='word_1_210' title='bbox 836 3771 1054 3860; x_wconf 86' lang='lat' dir='ltr'><strong>apponendas,</strong></span> <span class='ocrx_word' id='word_1_211' title='bbox 1090 3778 1124 3838; x_wconf 92' lang='lat' dir='ltr'><strong>et</strong></span> <span class='ocrx_word' id='word_1_212' title='bbox 1155 3773 1299 3840; x_wconf 79' lang='lat' dir='ltr'><strong>chasiam</strong></span> <span class='ocrx_word' id='word_1_213' title='bbox 1334 3787 1368 3843; x_wconf 87' lang='lat' dir='ltr'><strong>et</strong></span> 
     </span>
     <span class='ocr_line' id='line_1_29' title="bbox 321 3874 1368 3964; baseline 0 -19"><span class='ocrx_word' id='word_1_214' title='bbox 321 3879 502 3945; x_wconf 88' lang='lat' dir='ltr'><strong>reohaoiam</strong></span> <span class='ocrx_word' id='word_1_215' title='bbox 525 3878 566 3944; x_wconf 91' lang='lat' dir='ltr'><strong>de</strong></span> <span class='ocrx_word' id='word_1_216' title='bbox 588 3877 727 3964; x_wconf 81' lang='lat' dir='ltr'><strong>grangia</strong></span> <span class='ocrx_word' id='word_1_217' title='bbox 741 3897 853 3940; x_wconf 90' lang='lat' dir='ltr'><strong>eorum</strong></span> <span class='ocrx_word' id='word_1_218' title='bbox 876 3875 917 3940; x_wconf 92' lang='lat' dir='ltr'><strong>de</strong></span> <span class='ocrx_word' id='word_1_219' title='bbox 932 3874 1161 3953; x_wconf 84' lang='lat' dir='ltr'><strong>Pounccwath,</strong></span> <span class='ocrx_word' id='word_1_220' title='bbox 1175 3897 1235 3961; x_wconf 90' lang='lat' dir='ltr'><strong>pro</strong></span> <span class='ocrx_word' id='word_1_221' title='bbox 1249 3881 1368 3944; x_wconf 82' lang='lat' dir='ltr'><strong>averiis</strong></span> 
     </span>
    </p>

    <p class='ocr_par' dir='ltr' id='par_1_12' title="bbox 320 3976 1368 4680">
     <span class='ocr_line' id='line_1_30' title="bbox 322 3976 1368 4068; baseline 0.001 -21"><span class='ocrx_word' id='word_1_222' title='bbox 322 3988 356 4047; x_wconf 83' lang='lat' dir='ltr'><strong>et</strong></span> <span class='ocrx_word' id='word_1_223' title='bbox 370 3979 522 4067; x_wconf 77' lang='lat' dir='ltr'><strong>cariagiis</strong></span> <span class='ocrx_word' id='word_1_224' title='bbox 538 3977 627 4060; x_wconf 82' lang='lat' dir='ltr'><strong>euis3</strong></span> <span class='ocrx_word' id='word_1_225' title='bbox 650 3983 685 4044; x_wconf 91' lang='lat' dir='ltr'><strong>et</strong></span> <span class='ocrx_word' id='word_1_226' title='bbox 706 3999 766 4065; x_wconf 89' lang='lat' dir='ltr'><strong>pro</strong></span> <span class='ocrx_word' id='word_1_227' title='bbox 789 3977 896 4042; x_wconf 85' lang='lat' dir='ltr'><strong>bladis</strong></span> <span class='ocrx_word' id='word_1_228' title='bbox 917 3976 1070 4063; x_wconf 87' lang='lat' dir='ltr'><strong>expensis</strong></span> <span class='ocrx_word' id='word_1_229' title='bbox 1092 3997 1150 4062; x_wconf 89' lang='lat' dir='ltr'><strong>per</strong></span> <span class='ocrx_word' id='word_1_230' title='bbox 1163 3998 1224 4043; x_wconf 86' lang='lat' dir='ltr'><strong>nos</strong></span> <span class='ocrx_word' id='word_1_231' title='bbox 1239 3979 1274 4044; x_wconf 90' lang='lat' dir='ltr'><strong>in</strong></span> <span class='ocrx_word' id='word_1_232' title='bbox 1297 3983 1368 4068; x_wconf 91' lang='lat' dir='ltr'><strong>ipso</strong></span> 
     </span>
     <span class='ocr_line' id='line_1_31' title="bbox 324 4079 1367 4165; baseline 0.001 -19"><span class='ocrx_word' id='word_1_233' title='bbox 324 4082 469 4148; x_wconf 86' lang='lat' dir='ltr'><strong>manerio</strong></span> <span class='ocrx_word' id='word_1_234' title='bbox 492 4087 616 4158; x_wconf 88' lang='lat' dir='ltr'><strong>nostro,</strong></span> <span class='ocrx_word' id='word_1_235' title='bbox 648 4079 720 4144; x_wconf 86' lang='lat' dir='ltr'><strong>sive</strong></span> <span class='ocrx_word' id='word_1_236' title='bbox 742 4101 801 4165; x_wconf 88' lang='lat' dir='ltr'><strong>per</strong></span> <span class='ocrx_word' id='word_1_237' title='bbox 822 4081 975 4143; x_wconf 81' lang='lat' dir='ltr'><strong>tenentes</strong></span> <span class='ocrx_word' id='word_1_238' title='bbox 1008 4083 1042 4142; x_wconf 85' lang='lat' dir='ltr'><strong>et</strong></span> <span class='ocrx_word' id='word_1_239' title='bbox 1076 4079 1257 4145; x_wconf 86' lang='lat' dir='ltr'><strong>servientes</strong></span> <span class='ocrx_word' id='word_1_240' title='bbox 1294 4104 1367 4148; x_wconf 91' lang='lat' dir='ltr'><strong>nos-</strong></span> 
     </span>
     <span class='ocr_line' id='line_1_32' title="bbox 321 4178 1367 4266; baseline -0.005 -16"><span class='ocrx_word' id='word_1_241' title='bbox 321 4191 400 4266; x_wconf 84' lang='lat' dir='ltr'><strong>troe,</strong></span> <span class='ocrx_word' id='word_1_242' title='bbox 422 4184 492 4249; x_wconf 80' lang='lat' dir='ltr'><strong>sive</strong></span> <span class='ocrx_word' id='word_1_243' title='bbox 513 4183 639 4248; x_wconf 92' lang='lat' dir='ltr'><strong>ibidem</strong></span> <span class='ocrx_word' id='word_1_244' title='bbox 661 4181 824 4248; x_wconf 74' lang='lat' dir='ltr'><strong>creverint</strong></span> <span class='ocrx_word' id='word_1_245' title='bbox 846 4180 917 4244; x_wconf 84' lang='lat' dir='ltr'><strong>sive</strong></span> <span class='ocrx_word' id='word_1_246' title='bbox 940 4178 1028 4256; x_wconf 91' lang='lat' dir='ltr'><strong>alibi,</strong></span> <span class='ocrx_word' id='word_1_247' title='bbox 1052 4178 1098 4243; x_wconf 89' lang='lat' dir='ltr'><strong>eis</strong></span> <span class='ocrx_word' id='word_1_248' title='bbox 1120 4181 1304 4250; x_wconf 80' lang='lat' dir='ltr'><strong>satisfacere</strong></span> <span class='ocrx_word' id='word_1_249' title='bbox 1327 4188 1367 4252; x_wconf 75' lang='lat' dir='ltr'><strong>de</strong></span> 
     </span>
     <span class='ocr_line' id='line_1_33' title="bbox 321 4281 1366 4374; baseline 0.002 -22"><span class='ocrx_word' id='word_1_250' title='bbox 321 4286 474 4353; x_wconf 89' lang='lat' dir='ltr'><strong>multura.</strong></span> <span class='ocrx_word' id='word_1_251' title='bbox 536 4285 583 4350; x_wconf 87' lang='lat' dir='ltr'><strong>Et</strong></span> <span class='ocrx_word' id='word_1_252' title='bbox 612 4284 755 4371; x_wconf 89' lang='lat' dir='ltr'><strong>insuper,</strong></span> <span class='ocrx_word' id='word_1_253' title='bbox 787 4304 846 4370; x_wconf 92' lang='lat' dir='ltr'><strong>pro</strong></span> <span class='ocrx_word' id='word_1_254' title='bbox 878 4281 1007 4347; x_wconf 89' lang='lat' dir='ltr'><strong>damnis</strong></span> <span class='ocrx_word' id='word_1_255' title='bbox 1044 4289 1077 4346; x_wconf 87' lang='lat' dir='ltr'><strong>et</strong></span> <span class='ocrx_word' id='word_1_256' title='bbox 1108 4285 1259 4369; x_wconf 85' lang='lat' dir='ltr'><strong>expensis</strong></span> <span class='ocrx_word' id='word_1_257' title='bbox 1292 4310 1366 4374; x_wconf 79' lang='lat' dir='ltr'><strong>qua</strong></span> 
     </span>
     <span class='ocr_line' id='line_1_34' title="bbox 321 4375 1367 4474; baseline 0 -19"><span class='ocrx_word' id='word_1_258' title='bbox 321 4389 403 4455; x_wconf 88' lang='lat' dir='ltr'><strong>dicti</strong></span> <span class='ocrx_word' id='word_1_259' title='bbox 425 4387 572 4455; x_wconf 88' lang='lat' dir='ltr'><strong>canonici</strong></span> <span class='ocrx_word' id='word_1_260' title='bbox 593 4408 653 4474; x_wconf 92' lang='lat' dir='ltr'><strong>pro</strong></span> <span class='ocrx_word' id='word_1_261' title='bbox 671 4386 742 4472; x_wconf 90' lang='lat' dir='ltr'><strong>ipsa</strong></span> <span class='ocrx_word' id='word_1_262' title='bbox 764 4406 861 4451; x_wconf 88' lang='lat' dir='ltr'><strong>cause</strong></span> <span class='ocrx_word' id='word_1_263' title='bbox 882 4382 1097 4462; x_wconf 84' lang='lat' dir='ltr'><strong>sustinebant,</strong></span> <span class='ocrx_word' id='word_1_264' title='bbox 1123 4375 1367 4454; x_wconf 70' lang='lat' dir='ltr'><strong>sabratensis</strong></span> 
     </span>
     <span class='ocr_line' id='line_1_35' title="bbox 320 4485 1366 4573; baseline 0 -16"><span class='ocrx_word' id='word_1_265' title='bbox 320 4491 521 4557; x_wconf 86' lang='lat' dir='ltr'><strong>dederamus.</strong></span> <span class='ocrx_word' id='word_1_266' title='bbox 568 4491 705 4556; x_wconf 87' lang='lat' dir='ltr'><strong>Dictum</strong></span> <span class='ocrx_word' id='word_1_267' title='bbox 742 4509 822 4553; x_wconf 82' lang='lat' dir='ltr'><strong>vero</strong></span> <span class='ocrx_word' id='word_1_268' title='bbox 851 4485 917 4552; x_wconf 81' lang='lat' dir='ltr'><strong>fuit</strong></span> <span class='ocrx_word' id='word_1_269' title='bbox 946 4491 1060 4573; x_wconf 88' lang='lat' dir='ltr'><strong>postea</strong></span> <span class='ocrx_word' id='word_1_270' title='bbox 1082 4489 1169 4573; x_wconf 90' lang='lat' dir='ltr'><strong>quod</strong></span> <span class='ocrx_word' id='word_1_271' title='bbox 1201 4489 1283 4556; x_wconf 84' lang='lat' dir='ltr'><strong>dicti</strong></span> <span class='ocrx_word' id='word_1_272' title='bbox 1314 4515 1366 4557; x_wconf 89' lang='lat' dir='ltr'><strong>ca-</strong></span> 
     </span>
     <span class='ocr_line' id='line_1_36' title="bbox 321 4588 1365 4680; baseline 0.001 -22"><span class='ocrx_word' id='word_1_273' title='bbox 321 4594 430 4660; x_wconf 87' lang='lat' dir='ltr'><strong>nonici</strong></span> <span class='ocrx_word' id='word_1_274' title='bbox 460 4591 632 4680; x_wconf 78' lang='lat' dir='ltr'><strong>praedictas</strong></span> <span class='ocrx_word' id='word_1_275' title='bbox 667 4595 773 4655; x_wconf 86' lang='lat' dir='ltr'><strong>metas</strong></span> <span class='ocrx_word' id='word_1_276' title='bbox 795 4594 830 4654; x_wconf 88' lang='lat' dir='ltr'><strong>et</strong></span> <span class='ocrx_word' id='word_1_277' title='bbox 848 4588 975 4654; x_wconf 89' lang='lat' dir='ltr'><strong>bundas</strong></span> <span class='ocrx_word' id='word_1_278' title='bbox 1005 4588 1042 4652; x_wconf 92' lang='lat' dir='ltr'><strong>in</strong></span> <span class='ocrx_word' id='word_1_279' title='bbox 1076 4590 1164 4655; x_wconf 85' lang='lat' dir='ltr'><strong>dicto</strong></span> <span class='ocrx_word' id='word_1_280' title='bbox 1195 4589 1365 4659; x_wconf 83' lang='lat' dir='ltr'><strong>Thakdam</strong></span> 
     </span>
    </p>
   </div>
   <div class='ocr_carea' id='block_1_3' title="bbox 320 4783 1366 4926">
    <p class='ocr_par' dir='ltr' id='par_1_13' title="bbox 320 4783 1366 4926">
     <span class='ocr_line' id='line_1_37' title="bbox 354 4783 1366 4856; baseline 0.014 -23"><span class='ocrx_word' id='word_1_281' title='bbox 354 4789 361 4821; x_wconf 88' lang='lat'>¹</span> <span class='ocrx_word' id='word_1_282' title='bbox 379 4787 531 4856; x_wconf 53' lang='lat' dir='ltr'><strong>mandria]</strong></span> <span class='ocrx_word' id='word_1_283' title='bbox 549 4787 593 4838; x_wconf 82' lang='lat' dir='ltr'><strong>the</strong></span> <span class='ocrx_word' id='word_1_284' title='bbox 611 4785 718 4848; x_wconf 77' lang='lat' dir='ltr'><strong>reading</strong></span> <span class='ocrx_word' id='word_1_285' title='bbox 735 4784 765 4835; x_wconf 78' lang='lat' dir='ltr'><strong>of</strong></span> <span class='ocrx_word' id='word_1_286' title='bbox 779 4785 823 4846; x_wconf 77' lang='lat' dir='ltr'><strong>the</strong></span> <span class='ocrx_word' id='word_1_287' title='bbox 901 4783 912 4816; x_wconf 64' lang='lat'>⁹</span> <span class='ocrx_word' id='word_1_288' title='bbox 929 4785 1093 4850; x_wconf 59' lang='lat' dir='ltr'><strong>ecquonam]</strong></span> <span class='ocrx_word' id='word_1_289' title='bbox 1108 4789 1325 4852; x_wconf 78' lang='lat' dir='ltr'><strong>cognoscebamus,</strong></span> <span class='ocrx_word' id='word_1_290' title='bbox 1337 4796 1366 4848; x_wconf 90' lang='lat' dir='ltr'><strong>P.</strong></span> 
     </span>
     <span class='ocr_line' id='line_1_38' title="bbox 320 4863 1272 4926; baseline 0.027 -32"><span class='ocrx_word' id='word_1_291' title='bbox 320 4865 394 4920; x_wconf 43' lang='lat' dir='ltr'>MSS·</span> <span class='ocrx_word' id='word_1_292' title='bbox 900 4863 911 4893; x_wconf 91' lang='lat'><strong>³</strong></span> <span class='ocrx_word' id='word_1_293' title='bbox 929 4863 1003 4914; x_wconf 80' lang='lat' dir='ltr'><strong>After</strong></span> <span class='ocrx_word' id='word_1_294' title='bbox 1014 4879 1092 4913; x_wconf 83' lang='lat' dir='ltr'><strong>eorum</strong></span> <span class='ocrx_word' id='word_1_295' title='bbox 1103 4865 1181 4915; x_wconf 81' lang='lat' dir='ltr'><strong>insert</strong></span> <span class='ocrx_word' id='word_1_296' title='bbox 1193 4867 1232 4926; x_wconf 80' lang='lat' dir='ltr'><strong>de,</strong></span> <span class='ocrx_word' id='word_1_297' title='bbox 1243 4868 1272 4920; x_wconf 90' lang='lat' dir='ltr'><strong>P.</strong></span> 
     </span>
    </p>
   </div>
   <div class='ocr_carea' id='block_1_4' title="bbox 407 4964 1234 5014">
    <p class='ocr_par' dir='ltr' id='par_1_14' title="bbox 407 4964 1234 5014">
     <span class='ocr_line' id='line_1_39' title="bbox 407 4964 1234 5014; baseline -0.001 -1"><span class='ocrx_word' id='word_1_298' title='bbox 407 4964 483 5014; x_wconf 61' lang='grc' dir='ltr'><strong>ΥΟΕ</strong></span> <span class='ocrx_word' id='word_1_299' title='bbox 509 4965 559 5014; x_wconf 87' lang='grc' dir='ltr'><strong>ΙΙΙ.</strong></span> <span class='ocrx_word' id='word_1_300' title='bbox 1213 4965 1234 5012; x_wconf 82' lang='lat' dir='ltr'>C</span> 
     </span>
    </p>
   </div>
   <div class='ocr_carea' id='block_1_5' title="bbox 0 0 1810 5890">
    <p class='ocr_par' dir='ltr' id='par_1_15' title="bbox 0 0 1810 5890">
     <span class='ocr_line' id='line_1_40' title="bbox 0 0 1810 5890; baseline 0 1"><span class='ocrx_word' id='word_1_301' title='bbox 0 0 1810 5890; x_wconf 95' lang='lat' dir='ltr'><strong> </strong></span> 
     </span>
    </p>
   </div>
  </div>
 </body>
</html>
