3538 5860
457 825 521 890 314
708 839 913 892 mmmm
935 839 1045 892 Aesis
1066 842 1262 894 violemus.

285 1020 475 1078 A.1>.1⁴17.“
497 1015 662 1104 integram
684 1015 853 1096 decimam,
888 1037 947 1104 pro
970 1017 1179 1104 portionibus
1209 1018 1276 1084 suis
1299 1018 1340 1086 de
1362 1019 1504 1086 ecclesiia

453 1125 471 1152 “
495 1117 671 1205 praedictie,
693 1119 833 1206 proeiato
857 1121 989 1186 dominc
1011 1125 1126 1187 nostro
1141 1121 1211 1208 regi
1233 1125 1268 1188 et
1289 1123 1504 1210 progenitcn'-

456 1228 473 1254 “
496 1221 559 1286 bus
590 1221 660 1287 euie
694 1243 887 1302 concessam,
913 1222 1068 1290 videlicet
1090 1222 1131 1289 de
1153 1223 1289 1290 ecclesis
1311 1223 1352 1290 de
1375 1224 1503 1312 Esyng-

454 1431 472 1461 “
495 1425 606 1507 librae,
641 1426 683 1511 vj.
718 1427 849 1506 solidos,
883 1427 953 1515 viij.
988 1428 1148 1506 deumios,
1188 1428 1229 1493 de
1261 1427 1338 1514 jure
1375 1429 1500 1496 salvem

452 1535 470 1562 “
493 1527 680 1594 debuerunt
711 1533 746 1593 et
777 1529 1045 1597 consueverunt'’
1090 1531 1191 1596 Brevi
1222 1531 1327 1618 igitur
1361 1531 1432 1618 ipso
1454 1531 1500 1597 sic

454 1632 633 1706 retornato,
655 1629 846 1697 examinato
870 1636 905 1698 et
927 1633 1081 1713 admisso,
1113 1655 1151 1698 ae
1174 1651 1250 1698 cum
1272 1632 1391 1698 rotulis
1413 1655 1499 1699 seec-

450 1731 530 1796 carii
552 1733 778 1814 concordante,
794 1731 925 1820 praefati
941 1734 1163 1800 thesaurarius
1177 1741 1212 1802 et
1233 1735 1374 1801 barones
1388 1757 1499 1802 eccun-

450 1833 530 1898 dum
563 1833 652 1922 quod
686 1834 900 1902 decreverant
927 1837 1134 1922 judicarunt,
1169 1859 1207 1904 ac
1240 1837 1387 1924 singulos
1418 1857 1498 1924 quoe

450 1935 540 2002 dicta
561 1938 675 2004 brevia
696 1943 732 2004 et
753 1939 820 2004 alia
842 1941 1023 2028 tetigerant
1038 1939 1166 2027 quietos
1181 1939 1385 2006 dimiserunt.
1428 1940 1498 2006 Nos

300 2035 412 2135 enoris-
450 2043 571 2121 tamen,
593 2041 818 2108 mediantibus
849 2042 1099 2129 exceptionibus
1127 2042 1256 2119 nostrie,
1291 2041 1329 2106 in
1362 2041 1498 2130 singulis

362 2152 368 2166 ⁴
448 2143 710 2209 concessionibus
733 2143 942 2224 decimarum,
964 2144 1097 2212 domino
1112 2145 1191 2231 megi,
1206 2144 1244 2209 in
1259 2143 1497 2210 convocationi—

353 2299 410 2335 m·
449 2246 510 2310 bue
533 2245 746 2332 prealetcmm
777 2251 812 2312 et
842 2246 922 2312 cleri
954 2247 1103 2313 dioecesin
1134 2251 1169 2313 ct
1201 2246 1379 2334 provinciae
1412 2247 1497 2312 Ebo-

279 2351 350 2430 nujo
447 2349 524 2424 raci,
547 2367 782 2428 concessarum,
817 2349 998 2414 secundum
1032 2349 1185 2414 effectum
1215 2348 1333 2434 pn'oiis
1362 2348 1495 2435 inquisi-

281 2431 294 2465 ⁰
320 2433 356 2536 ξω,
448 2449 549 2512 tionis
571 2453 677 2536 captes
700 2449 789 2536 apud
811 2449 997 2532 Hedonam,
1007 2449 1164 2542 ,prsefata
1193 2449 1415 2516 diminutione
1436 2471 1496 2536 pro

447 2551 696 2637 consumptione
734 2555 957 2637 proventuum
1002 2551 1227 2638 spiritualium
1272 2551 1314 2616 de
1350 2551 1495 2638 prefatis

447 2654 587 2720 ecelesiis
621 2653 663 2719 de
694 2654 888 2742 Eeyngtone
910 2661 945 2722 et
970 2653 1109 2742 Skypse,
1132 2675 1172 2720 ae
1193 2654 1234 2720 de
1257 2653 1493 2741 temporalibus

445 2761 566 2827 nostris
588 2761 798 2846 consumptis,
821 2761 929 2828 adhuc
950 2762 1140 2849 gaudemus,
1162 2760 1302 2848 praefuta
1323 2761 1493 2848 postenicri

446 2865 663 2954 inquisitione
686 2871 783 2954 capta
804 2868 895 2954 apud
917 2865 1104 2956 nghnam
1136 2868 1385 2933 nonobstante
1430 2867 1493 2933 At·

445 2991 508 3058 que
538 2969 728 3058 hujusmodi
762 2971 971 3058 exceptiones
1005 2991 1063 3058 pro
1099 2971 1304 3050 tenementis,
1328 2969 1426 3035 terrie
1457 2975 1492 3035 et

442 3071 699 3160 possessionibus
733 3073 863 3155 nostn's,
887 3073 1099 3160 consumptis,
1123 3073 1161 3138 in
1189 3071 1328 3160 singuiis
1364 3091 1491 3137 conces-

439 3174 588 3241 sionibus
622 3173 831 3256 dedmnmm,
867 3176 1003 3241 omnino
1036 3176 1252 3264 nequimntur
1282 3195 1341 3263 pne
1374 3175 1490 3242 alloca-

437 3275 584 3343 tionibue
606 3277 643 3342 in
666 3278 826 3366 compotis
849 3277 1067 3346 collectorum.
