3578 5874
379 1666 703 1760 WILLllLMUS
747 1669 1055 1762 WENDOVER
1099 1670 1272 1763 AsBAs

670 1793 978 1897 vicesimus

305 2184 384 2256 CAP.
400 2185 426 2252 Ι.
449 2186 498 2254 De
513 2185 679 2254 crocaone
701 2185 840 2253 mici
854 2185 1012 2254 Wo'ltebao'
1028 2185 1205 2254 Wecdoocr
1220 2185 1349 2252 abbatis

659 2287 819 2368 maarai,
841 2295 872 2356 et
893 2288 986 2356 aliis.

349 2447 428 2514 Post
442 2449 615 2516 cessionem
633 2455 848 2538 spontaneam
864 2449 991 2517 domini
1007 2449 1141 2518 Thomae
1156 2450 1284 2516 Burton
1307 2448 1349 2514 ab
1361 2457 1477 2538 E¹t⁰il⁰¹¹
1490 2457 1521 2510 or

304 2549 407 2616 officio
437 2572 496 2616 suo
529 2551 696 2634 abbatiali,
727 2559 767 2619 ut
800 2554 980 2641 praefertur,
1012 2553 1164 2618 dominus
1187 2525 1505 2644 R⁰b⁹rlu⁸dllddaeer

304 2652 552 2746 Burley,·abbas
575 2655 765 2721 monasterii
789 2657 830 2722 de
846 2656 1017 2732 Fontibus,
1040 2655 1208 2741 nostrique
1223 2661 1485 2722 monas-eabba

303 2755 381 2820 terii
402 2760 498 2843 pater
527 2757 629 2824 abbas
660 2781 698 2825 ac
731 2759 942 2827 immediatus
973 2759 1138 2840 visitator,
1177 2757 1279 2845 priori
1312 2779 1351 2823 ac
1365 2731 1437 2779 ¹³⁹⁹·

304 2859 482 2926 conventui
519 2861 709 2928 monasterii
745 2842 852 2928 nostri
880 2862 1010 2928 litteras
1044 2882 1119 2926 suas
1157 2861 1350 2941 transmisit,

305 2960 427 3026 eisdem
449 2961 646 3049 assignando
668 2985 728 3051 pro
751 2964 893 3030 termino
919 2961 1137 3052 peremptorio
1161 2962 1350 3027 vicesimum

305 3069 458 3129 octavum
481 3063 568 3129 diem
591 3065 712 3131 mensis
736 3067 883 3154 Augusti
906 3065 1058 3152 proximo
1085 3069 1167 3128 tunc
1191 3063 1350 3142 futurum,

305 3187 370 3252 quo
392 3167 434 3230 ad
456 3166 647 3234 electionem
669 3167 750 3233 novi
780 3169 920 3254 pastoris
941 3169 977 3233 in
1009 3165 1207 3232 monasterio
1229 3171 1351 3244 nostro,

304 3291 372 3333 una
393 3291 468 3334 cum
483 3269 694 3336 coassistente
716 3270 780 3336 sibi
803 3270 937 3336 domino
960 3269 1081 3335 abbate
1103 3269 1295 3334 monasterii
1310 3269 1351 3334 de

305 3371 504 3449 Bellalanda,
526 3393 626 3439 sacrae
649 3373 779 3460 pagin'ae
803 3373 990 3460 professore,
1012 3372 1227 3459 personaliter
1249 3371 1352 3437 inter·

305 3479 400 3542 esset.
459 3475 538 3540 Post
561 3498 700 3562 quorum
729 3483 859 3565 patrum
883 3479 1074 3554 adventum,
1099 3475 1135 3539 in
1158 3475 1211 3540 die
1237 3474 1352 3540 Sancti

305 3563 488 3665 Augustini
503 3579 646 3666 episcopi
668 3585 702 3645 et
724 3580 872 3659 doctoris,
888 3601 975 3645 anno
991 3601 1070 3645 sero
1092 3578 1209 3666 gratioe
1226 3576 1351 3644 Christi

306 3681 477 3748 millesimo
499 3693 591 3748 eccm.
606 3682 816 3770 nonagesimo
839 3703 936 3761 nono,
951 3679 1146 3748 venerabilis
1169 3685 1203 3745 et
1222 3679 1351 3766 religio-

305 3805 361 3848 sus
391 3783 444 3876 vir
472 3783 624 3849 dominus
647 3773 842 3849 Willelmus'
856 3782 1043 3848 Wendover
1065 3805 1123 3869 per
1146 3781 1234 3846 viam
1264 3803 1352 3846 scru-

305 3883 383 3949 tinii
405 3885 607 3950 concorditer
638 3886 773 3972 eligitur
803 3887 839 3950 in
870 3885 1033 3965 abbatem,
1064 3906 1101 3949 ac
1133 3901 1206 3948 curn
1240 3883 1351 3947 debito

301 3987 387 4072 juris
408 4009 558 4074 processu
573 3987 784 4054 confirmatus
805 3986 1033 4054 benedictione
1057 3985 1231 4072 episcopali
1257 3985 1352 4050 reali·

307 4095 359 4155 ter
373 4089 558 4176 insignitur.
606 4089 672 4170 Qui
688 4112 766 4156 vero
783 4089 936 4156 dominus
950 4088 1136 4154 Willelmus
1156 4087 1509 4176 lVendov⁷er,1tevrewos

306 4193 342 4258 in
365 4195 459 4258 annis
481 4194 549 4259 suis
567 4193 774 4281 juvenilibus
796 4196 832 4259 in
858 4193 968 4260 studio
991 4193 1181 4258 monasterii
1208 4192 1351 4257 scientiis
1365 4165 1465 4218 Me·

306 4295 728 4388 adornatusbacchalarius
750 4297 786 4361 in
809 4296 935 4362 artibus
958 4299 1008 4361 est
1030 4294 1185 4374 effectus;
1209 4316 1248 4359 ac
1269 4299 1352 4380 post,

307 4421 381 4466 cum
397 4399 530 4463 dominc
546 4399 569 4462 J
571 4399 700 4464 ohanne
713 4399 852 4480 Norton,
869 4399 939 4486 ejus
955 4399 1123 4464 desideriis
1139 4397 1352 4486 acquiescens

307 4501 350 4566 ad
372 4509 522 4566 nostrum
538 4501 771 4567 monasterium
795 4502 1015 4568 conversionis
1029 4501 1138 4588 gratia
1155 4497 1354 4576 convolavit,
1366 4505 1500 4556 Professed

308 4603 407 4688 hujus
444 4605 554 4670 saeculi
588 4605 705 4691 spretis
735 4603 869 4685 deliciis,
903 4605 1023 4670 ibidem
1056 4603 1189 4668 Christo
1222 4601 1355 4688 cupiens
1367 4581 1393 4625 ’ἲ
1403 4571 1507 4626 Menas.

308 4707 461 4773 militare.
506 4707 589 4776 Post
622 4729 761 4795 quorum
792 4707 924 4795 quidem
962 4707 1005 4774 ad
1035 4713 1156 4774 nostres
1189 4705 1356 4792 religionis
1369 4715 1509 4768 Hussther

308 4811 461 4881 habitum
498 4811 735 4892 admissionem,
774 4811 1065 4879 excellentissimus
1111 4811 1261 4900 princeps
1298 4833 1354 4879 rex
1369 4786 1501 4904 ffissfflffl
