3578 5874
474 851 677 902 WILLELMUS
700 851 809 900 Annas
833 851 988 901 OCTAVUS
1011 852 1172 902 DECIMUS.
1278 839 1340 904 231

297 1023 440 1102 deberet,
458 1023 498 1088 de
520 1024 660 1109 pristino
683 1044 844 1088 consensu
866 1045 925 1088 suo
947 1027 1113 1111 poenitens
1136 1029 1170 1090 et
1201 1027 1235 1089 id
1258 1047 1344 1111 aegre
1357 1039 1425 1090 Μ).
1440 1041 1503 1088 1³72

297 1126 411 1204 ferens,
434 1127 563 1212 scripsit
585 1147 644 1213 per
675 1127 803 1191 litteras
830 1147 906 1190 suas
929 1127 1062 1193 domino
1086 1128 1260 1206 visitatori,
1283 1128 1344 1193 sub
1357 1110 1448 1156 '¹³⁹⁶‘

297 1230 431 1294 nomine
464 1230 583 1315 prioris
616 1235 649 1295 et
684 1235 874 1310 conventus,
898 1231 1063 1296 communi
1087 1231 1194 1319 sigillo
1217 1253 1345 1296 monas-

298 1332 374 1397 terii
393 1333 546 1418 signatas,
563 1353 680 1418 rogans
703 1332 874 1397 humiliter
895 1337 930 1398 et
953 1335 1080 1412 devote,
1097 1334 1262 1420 quatinus,
1277 1353 1345 1401 non

299 1434 510 1500 obstantibus
542 1433 741 1521 praemissis1
776 1435 902 1500 domini
935 1435 1027 1500 ducis
1059 1441 1093 1502 et
1129 1437 1346 1523 ipsorummet

298 1543 429 1603 extorto
445 1559 610 1614 consensu,
626 1539 715 1602 idem
736 1537 898 1617 visitator,
916 1539 1023 1624 quoad
1045 1539 1222 1605 cessionem
1243 1541 1345 1626 ipsius

299 1642 425 1707 domini
449 1641 608 1706 Willclmi
631 1641 769 1719 abbatie,
797 1663 893 1705 suum
916 1663 1119 1722 consensum,
1142 1641 1225 1729 qui²
1241 1644 1345 1708 solum

300 1743 472 1808 incudem
497 1745 630 1830 negotio
658 1745 871 1831 superfuerat,
891 1745 1025 1808 omnino
1049 1745 1209 1831 denegare
1232 1745 1347 1832 digua-

298 1851 398 1911 retur.
446 1847 500 1910 Ad
524 1847 612 1933 quod
636 1847 736 1911 etiam
759 1846 847 1911 idem
870 1845 1021 1912 dominus
1044 1845 1230 1912 Willelmus
1245 1847 1347 1912 abbas
1360 1865 1448 1916 Abbot

301 1949 442 2016 libenter
466 1955 548 2014 ane
571 1950 745 2026 consensa,
763 1954 841 2028 aaa
865 1950 1008 2035 pasena
1023 1950 1197 2014 voluntate
1213 1931 1474 2049 cedendifflguss

301 2053 500 2138 resipiscens,
526 2053 566 2117 de
599 2051 814 2138 requisitione
847 2052 966 2116 auxilii
999 2052 1079 2117 dicti
1102 2052 1193 2117 ducis
1216 2075 1253 2117 ac
1275 2053 1346 2138 ejus
1360 2065 1489 2141 his-resig-

301 2155 498 2219 mediatione
521 2177 581 2242 pro
604 2175 664 2219 sua
694 2153 837 2220 cessione
861 2155 1020 2241 poenituit
1042 2155 1158 2234 valde;
1192 2177 1229 2220 eo
1264 2177 1345 2240 prae-
1360 2141 1453 2182 ”²⁰⁰²

300 2258 393 2344 cipue
416 2257 512 2343 quod,
536 2261 670 2345 propter
699 2257 867 2344 praemissa
895 2257 930 2322 in
966 2257 1192 2344 praejudicium
1223 2257 1347 2322 ordinis

301 2365 335 2424 et
357 2359 549 2424 monasterii
570 2361 676 2425 nostri
706 2359 854 2424 indebite
876 2364 1085 2446 attemptata,
1109 2361 1290 2426 sententias
1313 2363 1348 2426 et

301 2483 453 2526 censuras
481 2463 566 2547 juris
600 2466 634 2527 et
666 2462 789 2527 ordinis
812 2483 846 2528 se
867 2463 984 2527 timuit
1006 2463 1187 2528 incurrisse.
1233 2461 1347 2528 Abbas
1361 2475 1416 2527 The
1427 2477 1504 2528 abbot

302 2569 413 2630 eutem
448 2564 489 2628 de
526 2565 697 2644 Fontibus,
720 2565 876 2630 visitator
909 2577 1023 2631 noster
1045 2566 1231 2652 praedictus,
1255 2544 1506 2660 man-fflfflm

303 2666 390 2731 datis
412 2667 494 2731 dicti
517 2667 607 2731 ducis
631 2673 665 2732 et
687 2669 808 2733 nostris
830 2669 954 2754 pariter
974 2669 1123 2755 precibus
1138 2668 1350 2734 vehementer
1361 2676 1481 2755 missione

303 2770 476 2848 attonitus,
499 2771 576 2834 inde
611 2771 715 2856 magis
749 2770 856 2835 adhuc
887 2772 1020 2857 cupiens
1041 2771 1221 2847 informari,
1245 2793 1348 2834 unum
1362 2743 1497 2862 prpupfshp

304 2872 573 2936 commonachum
607 2895 704 2937 suum
738 2878 873 2959 propter
906 2873 967 2938 hoc
1002 2874 1044 2938 ad
1082 2875 1190 2960 ipsum
1222 2895 1349 2938 monas-
1362 2877 1485 2956 marein-

304 2975 425 3038 terium
463 2979 614 3040 nostrum
650 2973 842 3053 destinavit,
877 2976 983 3040 eidem
1015 2997 1073 3061 per
1109 2977 1239 3042 litteras
1277 2997 1351 3040 snas
1364 2959 1465 3008 quma.

304 3077 514 3142 committens
538 3081 572 3142 et
594 3078 781 3164 injungens,
806 3077 971 3162 quatinus,
994 3099 1051 3164 per
1077 3077 1243 3165 singulare
1265 3099 1351 3142 scru-

305 3181 426 3244 tinium
450 3185 483 3245 et
507 3179 712 3244 exactionem
736 3178 910 3264 corporalis
933 3182 1128 3245 sacramenti
1142 3180 1184 3244 ab
1200 3179 1353 3245 omnibus

305 3288 339 3347 et
362 3283 499 3369 singulis
522 3283 669 3368 personis
684 3281 892 3367 regularibus
906 3283 1097 3348 monasterii
1112 3283 1225 3361 nostri,
1241 3303 1353 3347 causas

307 3391 341 3450 et
379 3386 562 3449 occasiones
600 3391 779 3471 praetensae
817 3385 971 3449 cessionis
1012 3384 1157 3467 eiusdem
1195 3385 1354 3449 Willelmi

307 3487 448 3565 abbatis,
484 3493 518 3552 et
556 3489 583 3551 si
623 3487 757 3552 evidens
789 3487 918 3552 utilitas
955 3494 989 3552 et
1025 3509 1145 3576 urgens
1178 3489 1352 3554 necessitas

307 3590 392 3656 foret
415 3591 504 3674 quod
526 3590 596 3674 ipse
619 3588 750 3654 cederet
773 3594 807 3655 et
830 3591 915 3654 alius
938 3592 974 3654 in
998 3591 1067 3677 ejus
1088 3591 1192 3656 locum
1221 3591 1353 3678 eligere-

307 3701 370 3770 tur,
393 3697 537 3779 votaque
570 3693 782 3779 singulorum,
806 3693 982 3780 diligenter
1004 3693 1182 3759 discuteret
1212 3698 1247 3759 et
1277 3716 1353 3758 exa-

307 3797 457 3861 minaret.
504 3793 604 3860 Unde
619 3795 777 3881 praefatus
792 3795 972 3860 monachus
994 3795 1030 3859 in
1049 3796 1180 3882 negotio
1196 3796 1353 3884 praedictc

309 3899 396 3983 apud
430 3919 489 3962 nos
525 3897 712 3983 procedens,
739 3897 916 3984 praefatum
951 3897 1121 3962 dominum
1153 3897 1354 3964 Willelmum
1367 3912 1408 3963 He
1416 3919 1513 3977 reporta

309 3998 463 4066 abbatem
497 3999 633 4066 cedendi
667 4001 870 4087 propositum
903 4005 1114 4087 permutasse,
1137 4021 1197 4066 nec
1223 4003 1354 4086 quovis-
1367 3979 1514 4096 ffiffffhss

308 4103 404 4167 modo
437 4101 541 4168 officio
573 4123 633 4168 suo
668 4101 828 4167 abbatiali
861 4101 945 4167 velle
975 4102 1174 4184 renuntiare,
1198 4103 1355 4191 comperit
1367 4119 1481 4162 comem

309 4205 486 4270 evidenter.
532 4205 578 4269 Et
611 4210 792 4270 conventus
825 4205 925 4268 etiam
955 4205 1149 4291 singillatim
1171 4227 1229 4292 per
1250 4227 1355 4272 sacra-

310 4312 462 4373 mentum
497 4309 626 4372 onerati
659 4329 809 4394 expresse
843 4307 1122 4393 protestabantur,
1147 4311 1235 4394 quod
1264 4310 1384 4378 nullas.
1398 4329 1479 4381 raet.

308 4411 483 4521 necessitas
505 4415 637 4497 urgeret
660 4417 700 4476 ut
725 4409 813 4475 idem
837 4409 1021 4475 Willelmus
1044 4409 1146 4476 abbas
1168 4411 1355 4476 abbatiatui

341 4701 346 4732 ¹
360 4701 509 4750 obstantibus
515 4702 663 4767 proemiseia]
674 4702 807 4760 soinMS.;
890 4701 900 4732 ²
917 4703 971 4766 qrti]
992 4717 1055 4766 quae,
1066 4703 1092 4752 in
1103 4703 1160 4754 MS.

307 4783 365 4832 read
376 4780 484 4831 obstante
492 4782 639 4847 praemisso?
