3538 5860
446 817 511 882 312
691 829 894 880 wuamuus
916 827 1025 880 sauss
1046 829 1243 882 nummus

278 1010 347 1064 Μ).
362 1013 434 1062 1417.
448 1004 598 1060 memoria
623 1003 736 1060 domini
762 1002 887 1060 Haurioi
915 1021 1010 1075 nuper
1027 1004 1110 1076 regie
1127 1003 1254 1076 Angliae,
1272 1003 1366 1074 patris
1392 1001 1505 1058 domini

449 1089 542 1146 nostri
560 1088 648 1159 rogis¹
665 1087 807 1152 moderni,
832 1106 866 1143 ao
885 1106 903 1142 a
920 1093 1053 1160 tempore
1072 1093 1103 1142 et
1119 1105 1172 1158 per
1189 1093 1307 1158 tempus
1326 1086 1411 1158 cujus
1435 1103 1503 1141 oon·

449 1172 534 1228 narii
559 1173 702 1230 memoria
724 1172 877 1227 hominum
901 1189 960 1226 non
984 1171 1094 1236 existit,
1120 1172 1151 1226 in
1171 1171 1306 1242 proprios
1324 1189 1406 1236 usus,
1427 1169 1505 1224 sicut

449 1256 650 1327 proemittitur,
670 1261 830 1311 tenuerunt
847 1261 879 1310 et
895 1259 997 1310 tenent
1013 1255 1134 1326 pacifice
1159 1253 1195 1308 de
1219 1253 1367 1325 prasenti,
1388 1271 1421 1308 ao
1439 1270 1503 1324 per·

450 1345 547 1412 petuas
572 1339 691 1394 vicarias
709 1340 740 1393 in
758 1339 892 1394 ecclesiis
911 1338 1024 1394 eisdem
1042 1338 1170 1393 fundata
1188 1344 1219 1392 et
1237 1337 1344 1392 dotatus
1363 1337 1501 1400 existunt,

450 1441 562 1485 necnon
579 1423 692 1478 sicaria
709 1422 841 1480 ecclesia
868 1423 905 1478 de
933 1421 1048 1494 Skypse
1076 1421 1134 1478 fuit
1158 1429 1188 1478 et
1214 1426 1261 1476 est
1277 1427 1376 1478 taxato
1393 1420 1431 1476 ad
1448 1420 1503 1490 iiij.

452 1591 632 1660 Esyngtona‚
653 1589 831 1661 Kaynghnm
850 1595 881 1644 et
898 1589 1071 1646 Naffretoua
1089 1589 1304 1661 predictarum,
1325 1593 1430 1642 taxata
1447 1605 1503 1642 non

452 1675 600 1739 existunt;
619 1674 794 1745 praefatique
813 1673 902 1728 abbas
921 1678 951 1727 et
962 1679 1123 1728 conventus
1136 1673 1174 1727 ad
1192 1672 1338 1743 integram
1350 1671 1501 1734 decimam,

451 1773 505 1828 pro
532 1756 714 1828 portionibus
740 1757 803 1812 suis
834 1757 870 1810 de
898 1756 1030 1811 ecclesiis
1055 1755 1214 1827 predictis,
1240 1755 1363 1826 praefato
1389 1753 1504 1808 domino

451 1845 552 1896 nostro
584 1839 652 1912 regi
676 1845 707 1895 et
735 1839 973 1911 progenitoribus
1004 1839 1066 1894 suis
1097 1855 1274 1902 concessam,
1299 1837 1439 1892 videlicet
1466 1836 1502 1890 de

451 1924 577 1980 ecclesia
594 1923 631 1978 de
649 1924 822 1995 Esyngtona
838 1942 884 1978 rx.
905 1922 1024 1986 solidos,
1043 1922 1080 1978 do
1099 1921 1230 1978 ecclesia
1255 1921 1291 1978 de
1310 1921 1424 1992 Skypsa
1442 1921 1503 1990 xiij.

452 2091 515 2155 dos,
543 2090 607 2161 viij.
634 2090 779 2154 denarios,
800 2089 883 2144 etde
902 2089 1027 2144 ecclesia
1045 2087 1082 2142 de
1105 2088 1276 2144 Naffretona
1293 2087 1364 2160 lxvj.
1385 2087 1501 2154 solidos,

451 2175 515 2246 viij.
548 2174 693 2238 denarios,
721 2174 757 2228 de
776 2173 844 2244 jure
871 2173 985 2229 solvere
1015 2172 1181 2226 debuerunt
1210 2179 1241 2228 et
1270 2177 1501 2236 consuevemnt;

453 2258 534 2328 prior
551 2275 622 2312 vero
639 2263 669 2314 et
686 2263 846 2312 conventos
864 2257 900 2312 de
918 2255 1057 2312 Wattona
1074 2273 1134 2311 una
1151 2273 1219 2311 curu
1237 2255 1410 2310 monialibus
1428 2255 1505 2326 ejus-

453 2339 521 2395 dem
546 2341 694 2412 prioratus
720 2341 860 2396 ecclesias
878 2340 915 2396 de
940 2340 1137 2404 Hotona,-et
1161 2345 1275 2395 catera.
1320 2337 1391 2407 Quas
1410 2339 1507 2393 omnia

454 2425 562 2480 vestris
580 2425 753 2480 reverentiis
771 2430 873 2481 tenore
894 2425 1084 2496 presentium
1108 2423 1286 2480 intimamus·
1324 2423 1361 2478 Iu
1381 2441 1504 2494 qnorum

455 2508 590 2562 scrutinii
615 2512 646 2562 et
675 2507 882 2580 comportionis
913 2508 1115 2564 testimonium
1133 2513 1221 2579 atque
1247 2507 1343 2572 fidem,
1372 2507 1504 2580 sigillum

454 2595 587 2645 nostrum
605 2590 729 2646 fecimus
747 2591 805 2646 hiis
824 2591 939 2662 apponi.
978 2591 1087 2646 Datum
1102 2591 1180 2662 apud
1198 2591 1313 2654 Cawod‚
1334 2590 1504 2646 duodecimo

454 2673 502 2730 die
527 2674 638 2728 mensis
667 2673 812 2738 Januarii,
838 2692 914 2728 anuo
940 2673 1058 2728 Domini
1084 2674 1241 2729 millesimo
1266 2681 1371 2730 ccccm.
1393 2674 1504 2729 decimo

454 2755 587 2827 septimo,
608 2761 639 2813 et
655 2762 763 2812 nostra
781 2757 981 2812 translationis
1000 2775 1075 2812 anuo
1093 2757 1256 2813 undecimo.

500 2862 649 2949 Cumque
676 2863 883 2929 antedictum
908 2863 1010 2930 breve
1031 2865 1078 2928 sic
1100 2863 1216 2929 fuisset
1237 2869 1442 2930 retornatum
1469 2864 1503 2928 in

452 2965 649 3030 scaccarium
683 2964 810 3030 domini
847 2964 942 3052 regis,
974 2965 1095 3030 lectum
1130 2969 1165 3030 et
1199 2965 1432 3042 examinatum,
1466 2988 1503 3032 ac

453 3073 656 3153 compertum
680 3066 797 3132 fuisset
811 3067 847 3131 in
861 3066 977 3132 eodem
992 3067 1080 3153 quod
1102 3067 1233 3153 praefati
1255 3067 1358 3132 abbas
1371 3073 1406 3132 et
1428 3089 1503 3133 oon-

347 3247 353 3262 ·
452 3174 573 3234 ventus
588 3168 629 3234 de
654 3168 758 3233 Melea
780 3189 839 3254 pro
862 3167 995 3233 eeclesia
1016 3168 1057 3233 de
1080 3169 1277 3256 Esyngtona
1299 3191 1352 3234 xa
1376 3169 1504 3248 solidos,

452 3275 487 3335 et
523 3291 583 3356 pro
607 3270 742 3335 ecclesia
775 3269 815 3335 de
848 3268 981 3355 Skypse
1015 3275 1202 3356 praenotata
1233 3271 1302 3356 xiij.
1316 3271 1438 3336 solidos
1470 3277 1502 3336 et

452 3370 510 3454 iiij.
534 3371 695 3447 denarios,
726 3376 859 3437 tantum
889 3371 933 3436 od
963 3371 1127 3458 integram
1158 3372 1327 3448 decimam,
1349 3395 1409 3459 pro
1431 3395 1503 3459 por·

452 3471 601 3535 tionibus
618 3472 695 3550 suis,
712 3471 852 3556 praefato
876 3472 1009 3538 domino
1031 3477 1145 3538 nostro
1169 3473 1237 3560 regi
1261 3479 1295 3540 et
1317 3475 1502 3561 progenito·

452 3571 544 3636 ribus
567 3571 635 3637 suis
665 3592 859 3651 concessam,
878 3574 1132 3660 persolvisseut;
1156 3597 1202 3655 ao,
1218 3575 1372 3642 scrutatis
1387 3577 1503 3642 rotulis

452 3678 488 3738 et
520 3672 668 3760 registris
691 3673 853 3754 scaccarii,
876 3675 1030 3742 similiter
1056 3681 1259 3762 compertum
1282 3677 1396 3742 fuisset
1417 3677 1503 3763 quod

453 3775 585 3862 praefati
616 3776 718 3842 abbas
749 3781 784 3842 et
815 3783 1007 3859 conventus,
1031 3800 1090 3865 pro
1129 3779 1317 3844 memoratis
1354 3779 1503 3860 ecclesiia

454 3978 504 4043 sia
535 3978 577 4043 de
609 3977 740 4067 Skypse
763 3981 857 4066 xxiij.
881 3979 992 4058 libras,
1015 3981 1060 4066 vj.
1094 3981 1222 4060 solidos,
1254 3981 1321 4068 viij.
1346 3982 1502 4063 denarios,

454 4065 694 4166 ad'integram
732 4082 900 4161 decimam,
933 4102 993 4168 pro
1025 4082 1233 4168 portionibus
1266 4083 1343 4164 suis,
1366 4083 1503 4171 praefato

454 4181 588 4247 domino
610 4182 681 4270 regi
712 4188 747 4247 et
778 4183 1044 4270 progenitoribus
1066 4185 1134 4248 suis
1163 4205 1356 4264 concessam,
1379 4185 1504 4251 solvere

453 4283 707 4360 consuevissent,
747 4305 789 4349 ex
821 4285 1054 4350 contrarietate
1092 4285 1172 4372 ipsa,
1209 4285 1341 4371 praefati
1375 4287 1504 4352 thesau-

453 4386 559 4450 rarius
575 4389 609 4450 et
631 4385 770 4451 barones
793 4386 932 4452 attoniti
951 4387 1049 4452 valde
1072 4389 1265 4454 extiterunt.
1312 4386 1379 4452 Sed
1401 4383 1505 4454 att'or-

454 4493 553 4554 natus
583 4492 695 4552 noster
725 4485 761 4552 iu
793 4487 882 4552 dicto
914 4489 1073 4554 sooooario
1104 4495 1138 4554 et
1175 4489 1273 4556 amici
1294 4489 1400 4555 nostri
1424 4497 1504 4556 tuno

454 4589 578 4654 ibidem
600 4594 787 4675 prasentes,
810 4611 870 4675 pro
901 4609 939 4654 eo
971 4590 1059 4676 quod
1090 4591 1260 4677 praediotae
1289 4591 1432 4660 eocleeiae
1461 4591 1503 4658 de

455 4691 647 4776 Esyngtona
681 4697 715 4756 et
747 4690 877 4776 Skypse
912 4691 948 4756 iu
980 4693 1122 4758 secunda
1156 4693 1369 4780 inquisitione
1406 4699 1503 4781 capta
