<?xml version="1.0" encoding="UTF-8"?>
<!DOCTYPE html PUBLIC "-//W3C//DTD XHTML 1.0 Transitional//EN"
    "http://www.w3.org/TR/xhtml1/DTD/xhtml1-transitional.dtd">
<html xmlns="http://www.w3.org/1999/xhtml" xml:lang="en" lang="en">
 <head>
  <title>
</title>
<meta http-equiv="Content-Type" content="text/html;charset=utf-8" />
  <meta name='ocr-system' content='tesseract 3.04.00' />
  <meta name='ocr-capabilities' content='ocr_page ocr_carea ocr_par ocr_line ocrx_word'/>
</head>
<body>
  <div class='ocr_page' id='page_1' title='image "./chronicamonaste01thomgoog_0194.png"; bbox 0 0 3614 5888; ppageno 0'>
   <div class='ocr_carea' id='block_1_1' title="bbox 456 863 1310 940">
    <p class='ocr_par' dir='ltr' id='par_1_1' title="bbox 456 863 1310 940">
     <span class='ocr_line' id='line_1_1' title="bbox 456 863 1310 940; baseline 0.009 -20"><span class='ocrx_word' id='word_1_1' title='bbox 456 863 498 921; x_wconf 64' lang='lat'>82</span> <span class='ocrx_word' id='word_1_2' title='bbox 645 876 846 927; x_wconf 83' lang='lat' dir='ltr'>WILLELMUS</span> <span class='ocrx_word' id='word_1_3' title='bbox 868 878 915 926; x_wconf 84' lang='lat' dir='ltr'>Ds</span> <span class='ocrx_word' id='word_1_4' title='bbox 938 878 1169 940; x_wconf 84' lang='lat' dir='ltr'>DRYNGHOWE,</span> <span class='ocrx_word' id='word_1_5' title='bbox 1194 879 1310 928; x_wconf 75' lang='lat' dir='ltr'>lunas,</span> 
     </span>
    </p>
   </div>
   <div class='ocr_carea' id='block_1_2' title="bbox 287 1043 1506 4103">
    <p class='ocr_par' dir='ltr' id='par_1_2' title="bbox 287 1043 1506 4103">
     <span class='ocr_line' id='line_1_2' title="bbox 287 1043 1504 1130; baseline 0.004 -23"><span class='ocrx_word' id='word_1_6' title='bbox 287 1055 356 1107; x_wconf 79' lang='lat' dir='ltr'>aD.</span> <span class='ocrx_word' id='word_1_7' title='bbox 370 1060 432 1106; x_wconf 72' lang='lat' dir='ltr'>rara</span> <span class='ocrx_word' id='word_1_8' title='bbox 456 1043 605 1130; x_wconf 66' lang='lat' dir='ltr'>praedicti</span> <span class='ocrx_word' id='word_1_9' title='bbox 631 1045 667 1109; x_wconf 90' lang='lat' dir='ltr'>in</span> <span class='ocrx_word' id='word_1_10' title='bbox 691 1047 844 1112; x_wconf 89' lang='lat' dir='ltr'>omnibus</span> <span class='ocrx_word' id='word_1_11' title='bbox 870 1047 975 1113; x_wconf 86' lang='lat' dir='ltr'>facere</span> <span class='ocrx_word' id='word_1_12' title='bbox 998 1048 1205 1113; x_wconf 87' lang='lat' dir='ltr'>tenebuntur.</span> <span class='ocrx_word' id='word_1_13' title='bbox 1253 1049 1382 1114; x_wconf 90' lang='lat' dir='ltr'>Iterum</span> <span class='ocrx_word' id='word_1_14' title='bbox 1404 1049 1504 1113; x_wconf 88' lang='lat' dir='ltr'>etiam</span> 
     </span>
     <span class='ocr_line' id='line_1_3' title="bbox 287 1129 1505 1250; baseline 0.001 -38"><span class='ocrx_word' id='word_1_15' title='bbox 287 1129 410 1250; x_wconf 44' lang='lat'>3³⁰³·-</span> <span class='ocrx_word' id='word_1_16' title='bbox 456 1155 535 1212; x_wconf 90' lang='lat' dir='ltr'>tunc</span> <span class='ocrx_word' id='word_1_17' title='bbox 565 1149 722 1235; x_wconf 88' lang='lat' dir='ltr'>temporis</span> <span class='ocrx_word' id='word_1_18' title='bbox 751 1149 859 1214; x_wconf 89' lang='lat' dir='ltr'>fuerat</span> <span class='ocrx_word' id='word_1_19' title='bbox 889 1155 1134 1236; x_wconf 83' lang='lat' dir='ltr'>praesentatum,</span> <span class='ocrx_word' id='word_1_20' title='bbox 1157 1151 1245 1236; x_wconf 90' lang='lat' dir='ltr'>quod</span> <span class='ocrx_word' id='word_1_21' title='bbox 1274 1174 1334 1215; x_wconf 90' lang='lat' dir='ltr'>nos</span> <span class='ocrx_word' id='word_1_22' title='bbox 1357 1151 1505 1215; x_wconf 86' lang='lat' dir='ltr'>iuvenire</span> 
     </span>
     <span class='ocr_line' id='line_1_4' title="bbox 288 1217 1505 1339; baseline -0.001 -23"><span class='ocrx_word' id='word_1_23' title='bbox 288 1217 398 1317; x_wconf 54' lang='lat' dir='ltr'>niiselii</span> <span class='ocrx_word' id='word_1_24' title='bbox 457 1255 644 1316; x_wconf 90' lang='lat' dir='ltr'>teneremur</span> <span class='ocrx_word' id='word_1_25' title='bbox 678 1273 737 1317; x_wconf 85' lang='lat' dir='ltr'>sex</span> <span class='ocrx_word' id='word_1_26' title='bbox 775 1253 952 1317; x_wconf 79' lang='lat' dir='ltr'>monaohos</span> <span class='ocrx_word' id='word_1_27' title='bbox 982 1258 1017 1318; x_wconf 88' lang='lat' dir='ltr'>et</span> <span class='ocrx_word' id='word_1_28' title='bbox 1051 1275 1153 1316; x_wconf 91' lang='lat' dir='ltr'>unum</span> <span class='ocrx_word' id='word_1_29' title='bbox 1188 1253 1391 1339; x_wconf 75' lang='lat' dir='ltr'>capellanum</span> <span class='ocrx_word' id='word_1_30' title='bbox 1424 1253 1505 1318; x_wconf 90' lang='lat' dir='ltr'>cele-</span> 
     </span>
     <span class='ocr_line' id='line_1_5' title="bbox 288 1332 1506 1464; baseline -0.002 -46"><span class='ocrx_word' id='word_1_31' title='bbox 288 1332 438 1464; x_wconf 51' lang='lat' dir='ltr'>{fflfflg‘lf</span> <span class='ocrx_word' id='word_1_32' title='bbox 456 1353 591 1420; x_wconf 88' lang='lat' dir='ltr'>brantes</span> <span class='ocrx_word' id='word_1_33' title='bbox 614 1353 728 1419; x_wconf 89' lang='lat' dir='ltr'>divina</span> <span class='ocrx_word' id='word_1_34' title='bbox 751 1355 902 1439; x_wconf 90' lang='lat' dir='ltr'>quotidie</span> <span class='ocrx_word' id='word_1_35' title='bbox 916 1355 1006 1442; x_wconf 92' lang='lat' dir='ltr'>apud</span> <span class='ocrx_word' id='word_1_36' title='bbox 1030 1354 1239 1440; x_wconf 80' lang='lat' dir='ltr'>Otringham,</span> <span class='ocrx_word' id='word_1_37' title='bbox 1254 1361 1289 1420; x_wconf 89' lang='lat' dir='ltr'>et</span> <span class='ocrx_word' id='word_1_38' title='bbox 1311 1355 1368 1418; x_wconf 90' lang='lat' dir='ltr'>illa</span> <span class='ocrx_word' id='word_1_39' title='bbox 1391 1355 1506 1419; x_wconf 89' lang='lat' dir='ltr'>divina</span> 
     </span>
     <span class='ocr_line' id='line_1_6' title="bbox 289 1456 1505 1542; baseline 0.002 -26"><span class='ocrx_word' id='word_1_40' title='bbox 289 1466 430 1533; x_wconf 79' lang='lat' dir='ltr'>ofotring·</span> <span class='ocrx_word' id='word_1_41' title='bbox 457 1457 592 1520; x_wconf 87' lang='lat' dir='ltr'>servitia</span> <span class='ocrx_word' id='word_1_42' title='bbox 614 1477 672 1542; x_wconf 88' lang='lat' dir='ltr'>per</span> <span class='ocrx_word' id='word_1_43' title='bbox 694 1479 755 1521; x_wconf 87' lang='lat' dir='ltr'>nos</span> <span class='ocrx_word' id='word_1_44' title='bbox 785 1456 918 1522; x_wconf 90' lang='lat' dir='ltr'>fuerant</span> <span class='ocrx_word' id='word_1_45' title='bbox 948 1457 1118 1522; x_wconf 86' lang='lat' dir='ltr'>subtracta</span> <span class='ocrx_word' id='word_1_46' title='bbox 1148 1479 1205 1542; x_wconf 90' lang='lat' dir='ltr'>per</span> <span class='ocrx_word' id='word_1_47' title='bbox 1237 1461 1278 1523; x_wconf 81' lang='lat'>16</span> <span class='ocrx_word' id='word_1_48' title='bbox 1306 1480 1408 1522; x_wconf 89' lang='lat' dir='ltr'>annos</span> <span class='ocrx_word' id='word_1_49' title='bbox 1430 1478 1505 1521; x_wconf 92' lang='lat' dir='ltr'>con·</span> 
     </span>
     <span class='ocr_line' id='line_1_7' title="bbox 288 1535 1504 1646; baseline -0.001 -24"><span class='ocrx_word' id='word_1_50' title='bbox 288 1535 355 1584; x_wconf 83' lang='lat' dir='ltr'>ham.</span> <span class='ocrx_word' id='word_1_51' title='bbox 456 1559 569 1622; x_wconf 89' lang='lat' dir='ltr'>tinuos</span> <span class='ocrx_word' id='word_1_52' title='bbox 592 1564 672 1622; x_wconf 91' lang='lat' dir='ltr'>tunc</span> <span class='ocrx_word' id='word_1_53' title='bbox 704 1559 839 1645; x_wconf 87' lang='lat' dir='ltr'>elapsos.</span> <span class='ocrx_word' id='word_1_54' title='bbox 885 1559 986 1624; x_wconf 82' lang='lat' dir='ltr'><strong>Unde</strong></span> <span class='ocrx_word' id='word_1_55' title='bbox 1008 1564 1209 1646; x_wconf 84' lang='lat' dir='ltr'>praeceptum</span> <span class='ocrx_word' id='word_1_56' title='bbox 1232 1559 1297 1624; x_wconf 83' lang='lat' dir='ltr'>fuit</span> <span class='ocrx_word' id='word_1_57' title='bbox 1319 1558 1504 1624; x_wconf 77' lang='lat' dir='ltr'>vicecomiti</span> 
     </span>
     <span class='ocr_line' id='line_1_8' title="bbox 458 1659 1503 1746; baseline 0.002 -24"><span class='ocrx_word' id='word_1_58' title='bbox 458 1659 655 1726; x_wconf 86' lang='lat' dir='ltr'>Eboracensi</span> <span class='ocrx_word' id='word_1_59' title='bbox 677 1662 764 1746; x_wconf 91' lang='lat' dir='ltr'>quod</span> <span class='ocrx_word' id='word_1_60' title='bbox 779 1662 891 1728; x_wconf 88' lang='lat' dir='ltr'>venire</span> <span class='ocrx_word' id='word_1_61' title='bbox 914 1661 1036 1726; x_wconf 82' lang='lat' dir='ltr'>faceret</span> <span class='ocrx_word' id='word_1_62' title='bbox 1055 1662 1208 1727; x_wconf 76' lang='lat' dir='ltr'>abbatem</span> <span class='ocrx_word' id='word_1_63' title='bbox 1223 1667 1373 1727; x_wconf 88' lang='lat' dir='ltr'>nostrum</span> <span class='ocrx_word' id='word_1_64' title='bbox 1395 1683 1503 1727; x_wconf 89' lang='lat' dir='ltr'>coram</span> 
     </span>
     <span class='ocr_line' id='line_1_9' title="bbox 457 1762 1505 1851; baseline 0 -25"><span class='ocrx_word' id='word_1_65' title='bbox 457 1762 554 1826; x_wconf 86' lang='lat' dir='ltr'>dietis</span> <span class='ocrx_word' id='word_1_66' title='bbox 571 1763 765 1848; x_wconf 75' lang='lat' dir='ltr'>justitiariis</span> <span class='ocrx_word' id='word_1_67' title='bbox 787 1764 874 1850; x_wconf 88' lang='lat' dir='ltr'>apud</span> <span class='ocrx_word' id='word_1_68' title='bbox 900 1764 1084 1840; x_wconf 82' lang='lat' dir='ltr'>Redonum,</span> <span class='ocrx_word' id='word_1_69' title='bbox 1109 1764 1150 1829; x_wconf 91' lang='lat' dir='ltr'>de</span> <span class='ocrx_word' id='word_1_70' title='bbox 1174 1764 1349 1851; x_wconf 78' lang='lat' dir='ltr'>praemissis</span> <span class='ocrx_word' id='word_1_71' title='bbox 1372 1763 1505 1828; x_wconf 91' lang='lat' dir='ltr'>domino</span> 
     </span>
     <span class='ocr_line' id='line_1_10' title="bbox 456 1864 1504 1952; baseline 0.001 -25"><span class='ocrx_word' id='word_1_72' title='bbox 456 1865 526 1949; x_wconf 87' lang='lat' dir='ltr'>regi</span> <span class='ocrx_word' id='word_1_73' title='bbox 562 1886 801 1951; x_wconf 85' lang='lat' dir='ltr'>responsurum.</span> <span class='ocrx_word' id='word_1_74' title='bbox 861 1865 909 1930; x_wconf 86' lang='lat' dir='ltr'>At</span> <span class='ocrx_word' id='word_1_75' title='bbox 938 1867 1008 1952; x_wconf 90' lang='lat' dir='ltr'>ipse</span> <span class='ocrx_word' id='word_1_76' title='bbox 1046 1865 1178 1946; x_wconf 82' lang='lat' dir='ltr'>ibidem,</span> <span class='ocrx_word' id='word_1_77' title='bbox 1211 1888 1268 1950; x_wconf 90' lang='lat' dir='ltr'>per</span> <span class='ocrx_word' id='word_1_78' title='bbox 1303 1865 1407 1930; x_wconf 86' lang='lat' dir='ltr'>dictos</span> <span class='ocrx_word' id='word_1_79' title='bbox 1432 1864 1504 1949; x_wconf 88' lang='lat' dir='ltr'>jus-</span> 
     </span>
     <span class='ocr_line' id='line_1_11' title="bbox 456 1966 1505 2055; baseline 0.002 -27"><span class='ocrx_word' id='word_1_80' title='bbox 456 1966 599 2031; x_wconf 89' lang='lat' dir='ltr'>titiarios</span> <span class='ocrx_word' id='word_1_81' title='bbox 621 1968 782 2032; x_wconf 89' lang='lat' dir='ltr'>allocutus</span> <span class='ocrx_word' id='word_1_82' title='bbox 813 1967 954 2054; x_wconf 79' lang='lat' dir='ltr'>qualiter</span> <span class='ocrx_word' id='word_1_83' title='bbox 985 1969 1026 2033; x_wconf 91' lang='lat' dir='ltr'>de</span> <span class='ocrx_word' id='word_1_84' title='bbox 1058 1969 1234 2055; x_wconf 78' lang='lat' dir='ltr'>praemissis</span> <span class='ocrx_word' id='word_1_85' title='bbox 1267 1990 1301 2033; x_wconf 89' lang='lat' dir='ltr'>se</span> <span class='ocrx_word' id='word_1_86' title='bbox 1330 1968 1430 2032; x_wconf 90' lang='lat' dir='ltr'>vellet</span> <span class='ocrx_word' id='word_1_87' title='bbox 1453 1989 1505 2031; x_wconf 88' lang='lat' dir='ltr'>ac-</span> 
     </span>
     <span class='ocr_line' id='line_1_12' title="bbox 456 2068 1506 2155; baseline 0.001 -24"><span class='ocrx_word' id='word_1_88' title='bbox 456 2068 611 2152; x_wconf 88' lang='lat' dir='ltr'>quietare,</span> <span class='ocrx_word' id='word_1_89' title='bbox 634 2069 813 2154; x_wconf 89' lang='lat' dir='ltr'>respondit,</span> <span class='ocrx_word' id='word_1_90' title='bbox 836 2071 922 2155; x_wconf 89' lang='lat' dir='ltr'>quod</span> <span class='ocrx_word' id='word_1_91' title='bbox 953 2070 1106 2135; x_wconf 90' lang='lat' dir='ltr'>dominus</span> <span class='ocrx_word' id='word_1_92' title='bbox 1137 2070 1320 2135; x_wconf 87' lang='lat' dir='ltr'>Edwardus</span> <span class='ocrx_word' id='word_1_93' title='bbox 1349 2091 1408 2135; x_wconf 83' lang='lat' dir='ltr'>rex</span> <span class='ocrx_word' id='word_1_94' title='bbox 1430 2075 1506 2154; x_wconf 84' lang='lat' dir='ltr'>post</span> 
     </span>
     <span class='ocr_line' id='line_1_13' title="bbox 455 2172 1504 2259; baseline 0.001 -25"><span class='ocrx_word' id='word_1_95' title='bbox 455 2177 679 2256; x_wconf 85' lang='lat' dir='ltr'>conquaestum</span> <span class='ocrx_word' id='word_1_96' title='bbox 701 2172 833 2259; x_wconf 85' lang='lat' dir='ltr'>Angliae</span> <span class='ocrx_word' id='word_1_97' title='bbox 857 2175 907 2236; x_wconf 68' lang='grc' dir='ltr'>2ΠΒ</span> <span class='ocrx_word' id='word_1_98' title='bbox 928 2172 1096 2237; x_wconf 87' lang='lat' dir='ltr'>licentiam</span> <span class='ocrx_word' id='word_1_99' title='bbox 1125 2173 1222 2238; x_wconf 91' lang='lat' dir='ltr'>nobis</span> <span class='ocrx_word' id='word_1_100' title='bbox 1252 2173 1411 2238; x_wconf 86' lang='lat' dir='ltr'>concessit</span> <span class='ocrx_word' id='word_1_101' title='bbox 1433 2194 1504 2258; x_wconf 84' lang='lat' dir='ltr'>spc-</span> 
     </span>
     <span class='ocr_line' id='line_1_14' title="bbox 455 2273 1504 2362; baseline 0.002 -26"><span class='ocrx_word' id='word_1_102' title='bbox 455 2274 569 2338; x_wconf 89' lang='lat' dir='ltr'>cialem</span> <span class='ocrx_word' id='word_1_103' title='bbox 599 2273 687 2360; x_wconf 91' lang='lat' dir='ltr'>quod</span> <span class='ocrx_word' id='word_1_104' title='bbox 717 2274 899 2340; x_wconf 90' lang='lat' dir='ltr'>cantariam</span> <span class='ocrx_word' id='word_1_105' title='bbox 933 2276 1079 2362; x_wconf 89' lang='lat' dir='ltr'>ipsorum</span> <span class='ocrx_word' id='word_1_106' title='bbox 1110 2297 1168 2340; x_wconf 87' lang='lat' dir='ltr'>sex</span> <span class='ocrx_word' id='word_1_107' title='bbox 1200 2276 1431 2340; x_wconf 88' lang='lat' dir='ltr'>monachorum</span> <span class='ocrx_word' id='word_1_108' title='bbox 1465 2275 1504 2338; x_wconf 76' lang='lat' dir='ltr'>tle</span> 
     </span>
     <span class='ocr_line' id='line_1_15' title="bbox 455 2374 1505 2460; baseline 0.002 -22"><span class='ocrx_word' id='word_1_109' title='bbox 455 2374 653 2460; x_wconf 84' lang='lat' dir='ltr'>Otringham</span> <span class='ocrx_word' id='word_1_110' title='bbox 686 2374 730 2440; x_wconf 85' lang='lat' dir='ltr'>ad</span> <span class='ocrx_word' id='word_1_111' title='bbox 762 2381 911 2441; x_wconf 89' lang='lat' dir='ltr'>nostrum</span> <span class='ocrx_word' id='word_1_112' title='bbox 945 2377 1181 2442; x_wconf 87' lang='lat' dir='ltr'>monasterium</span> <span class='ocrx_word' id='word_1_113' title='bbox 1214 2377 1389 2442; x_wconf 87' lang='lat' dir='ltr'>transferre</span> <span class='ocrx_word' id='word_1_114' title='bbox 1417 2377 1505 2441; x_wconf 88' lang='lat' dir='ltr'>vale-</span> 
     </span>
     <span class='ocr_line' id='line_1_16' title="bbox 454 2478 1504 2567; baseline 0 -25"><span class='ocrx_word' id='word_1_115' title='bbox 454 2497 563 2542; x_wconf 91' lang='lat' dir='ltr'>remus</span> <span class='ocrx_word' id='word_1_116' title='bbox 577 2503 584 2558; x_wconf 93' lang='lat'>;</span> <span class='ocrx_word' id='word_1_117' title='bbox 606 2479 695 2564; x_wconf 90' lang='lat' dir='ltr'>quod</span> <span class='ocrx_word' id='word_1_118' title='bbox 710 2499 767 2564; x_wconf 90' lang='lat' dir='ltr'>per</span> <span class='ocrx_word' id='word_1_119' title='bbox 781 2480 927 2545; x_wconf 89' lang='lat' dir='ltr'>chartam</span> <span class='ocrx_word' id='word_1_120' title='bbox 942 2480 1066 2567; x_wconf 85' lang='lat' dir='ltr'>regiam</span> <span class='ocrx_word' id='word_1_121' title='bbox 1081 2485 1117 2546; x_wconf 88' lang='lat' dir='ltr'>et</span> <span class='ocrx_word' id='word_1_122' title='bbox 1130 2481 1272 2567; x_wconf 87' lang='lat' dir='ltr'>patriam</span> <span class='ocrx_word' id='word_1_123' title='bbox 1288 2502 1322 2545; x_wconf 91' lang='lat' dir='ltr'>se</span> <span class='ocrx_word' id='word_1_124' title='bbox 1338 2478 1504 2544; x_wconf 86' lang='lat' dir='ltr'>verificare</span> 
     </span>
     <span class='ocr_line' id='line_1_17' title="bbox 455 2579 1504 2669; baseline 0.003 -26"><span class='ocrx_word' id='word_1_125' title='bbox 455 2581 681 2666; x_wconf 69' lang='lat' dir='ltr'>praetendebat</span> <span class='ocrx_word' id='word_1_126' title='bbox 695 2579 724 2661; x_wconf 86' lang='grc'>;1</span> <span class='ocrx_word' id='word_1_127' title='bbox 749 2587 783 2646; x_wconf 90' lang='lat' dir='ltr'>et</span> <span class='ocrx_word' id='word_1_128' title='bbox 813 2583 911 2667; x_wconf 91' lang='lat' dir='ltr'>quod,</span> <span class='ocrx_word' id='word_1_129' title='bbox 935 2606 955 2648; x_wconf 92' lang='lat' dir='ltr'>a</span> <span class='ocrx_word' id='word_1_130' title='bbox 977 2589 1125 2669; x_wconf 88' lang='lat' dir='ltr'>tempore</span> <span class='ocrx_word' id='word_1_131' title='bbox 1156 2583 1383 2647; x_wconf 85' lang='lat' dir='ltr'>translationis</span> <span class='ocrx_word' id='word_1_132' title='bbox 1406 2581 1504 2647; x_wconf 85' lang='lat' dir='ltr'>dictee</span> 
     </span>
     <span class='ocr_line' id='line_1_18' title="bbox 455 2683 1504 2769; baseline 0.001 -22"><span class='ocrx_word' id='word_1_133' title='bbox 455 2683 621 2759; x_wconf 78' lang='lat' dir='ltr'>centuriae,</span> <span class='ocrx_word' id='word_1_134' title='bbox 636 2683 708 2769; x_wconf 90' lang='lat' dir='ltr'>ipsa</span> <span class='ocrx_word' id='word_1_135' title='bbox 721 2685 871 2749; x_wconf 83' lang='lat' dir='ltr'>cantaria</span> <span class='ocrx_word' id='word_1_136' title='bbox 893 2686 930 2748; x_wconf 91' lang='lat' dir='ltr'>in</span> <span class='ocrx_word' id='word_1_137' title='bbox 944 2683 1163 2750; x_wconf 87' lang='lat' dir='ltr'>celebratione</span> <span class='ocrx_word' id='word_1_138' title='bbox 1179 2683 1371 2749; x_wconf 89' lang='lat' dir='ltr'>divinorum</span> <span class='ocrx_word' id='word_1_139' title='bbox 1394 2683 1504 2748; x_wconf 88' lang='lat' dir='ltr'>debite</span> 
     </span>
     <span class='ocr_line' id='line_1_19' title="bbox 454 2784 1506 2874; baseline 0.002 -26"><span class='ocrx_word' id='word_1_140' title='bbox 454 2784 564 2849; x_wconf 90' lang='lat' dir='ltr'>fuerat</span> <span class='ocrx_word' id='word_1_141' title='bbox 586 2791 743 2850; x_wconf 86' lang='lat' dir='ltr'>executa:</span> <span class='ocrx_word' id='word_1_142' title='bbox 779 2791 814 2852; x_wconf 91' lang='lat' dir='ltr'>et</span> <span class='ocrx_word' id='word_1_143' title='bbox 837 2786 878 2852; x_wconf 90' lang='lat' dir='ltr'>de</span> <span class='ocrx_word' id='word_1_144' title='bbox 908 2787 969 2852; x_wconf 89' lang='lat' dir='ltr'>hoe</span> <span class='ocrx_word' id='word_1_145' title='bbox 997 2809 1094 2872; x_wconf 90' lang='lat' dir='ltr'>super</span> <span class='ocrx_word' id='word_1_146' title='bbox 1117 2787 1260 2874; x_wconf 90' lang='lat' dir='ltr'>patriam</span> <span class='ocrx_word' id='word_1_147' title='bbox 1282 2809 1316 2852; x_wconf 88' lang='lat' dir='ltr'>se</span> <span class='ocrx_word' id='word_1_148' title='bbox 1338 2784 1506 2873; x_wconf 56' lang='lat' dir='ltr'>ponebat?</span> 
     </span>
     <span class='ocr_line' id='line_1_20' title="bbox 288 2887 1505 2975; baseline 0.001 -24"><span class='ocrx_word' id='word_1_149' title='bbox 288 2887 305 2936; x_wconf 81' lang='lat' dir='ltr'>f·</span> <span class='ocrx_word' id='word_1_150' title='bbox 321 2887 400 2936; x_wconf 54' lang='lat'>¹⁰⁸&amp;</span> <span class='ocrx_word' id='word_1_151' title='bbox 456 2887 501 2951; x_wconf 88' lang='lat' dir='ltr'>Et</span> <span class='ocrx_word' id='word_1_152' title='bbox 524 2910 621 2974; x_wconf 89' lang='lat' dir='ltr'>super</span> <span class='ocrx_word' id='word_1_153' title='bbox 653 2887 742 2974; x_wconf 92' lang='lat' dir='ltr'>[hoc]</span> <span class='ocrx_word' id='word_1_154' title='bbox 775 2888 873 2954; x_wconf 91' lang='lat' dir='ltr'>datus</span> <span class='ocrx_word' id='word_1_155' title='bbox 902 2889 969 2954; x_wconf 91' lang='lat' dir='ltr'>fuit</span> <span class='ocrx_word' id='word_1_156' title='bbox 999 2889 1095 2954; x_wconf 92' lang='lat' dir='ltr'>nobis</span> <span class='ocrx_word' id='word_1_157' title='bbox 1126 2889 1195 2954; x_wconf 90' lang='lat' dir='ltr'>dies</span> <span class='ocrx_word' id='word_1_158' title='bbox 1227 2911 1335 2954; x_wconf 91' lang='lat' dir='ltr'>eoram</span> <span class='ocrx_word' id='word_1_159' title='bbox 1357 2889 1505 2975; x_wconf 86' lang='lat' dir='ltr'>praefatis</span> 
     </span>
     <span class='ocr_line' id='line_1_21' title="bbox 451 2989 1502 3077; baseline 0 -23"><span class='ocrx_word' id='word_1_160' title='bbox 451 2989 642 3074; x_wconf 82' lang='lat' dir='ltr'>justitiariis</span> <span class='ocrx_word' id='word_1_161' title='bbox 676 2990 765 3076; x_wconf 91' lang='lat' dir='ltr'>apud</span> <span class='ocrx_word' id='word_1_162' title='bbox 805 2989 1003 3057; x_wconf 80' lang='lat' dir='ltr'>Hedonam.³</span> <span class='ocrx_word' id='word_1_163' title='bbox 1055 2992 1108 3056; x_wconf 87' lang='lat' dir='ltr'>Ad</span> <span class='ocrx_word' id='word_1_164' title='bbox 1148 3013 1247 3077; x_wconf 88' lang='lat' dir='ltr'>quem</span> <span class='ocrx_word' id='word_1_165' title='bbox 1280 2993 1368 3056; x_wconf 91' lang='lat' dir='ltr'>diem</span> <span class='ocrx_word' id='word_1_166' title='bbox 1397 2993 1502 3076; x_wconf 82' lang='lat' dir='ltr'>jurati</span> 
     </span>
     <span class='ocr_line' id='line_1_22' title="bbox 455 3093 1505 3180; baseline -0.001 -23"><span class='ocrx_word' id='word_1_167' title='bbox 455 3094 532 3158; x_wconf 87' lang='lat' dir='ltr'>iude</span> <span class='ocrx_word' id='word_1_168' title='bbox 570 3093 753 3174; x_wconf 73' lang='lat' dir='ltr'>dixerunt,⁴</span> <span class='ocrx_word' id='word_1_169' title='bbox 791 3095 880 3179; x_wconf 92' lang='lat' dir='ltr'>quod</span> <span class='ocrx_word' id='word_1_170' title='bbox 919 3095 1077 3180; x_wconf 86' lang='lat' dir='ltr'>praedicta</span> <span class='ocrx_word' id='word_1_171' title='bbox 1114 3095 1263 3160; x_wconf 86' lang='lat' dir='ltr'>cantaria</span> <span class='ocrx_word' id='word_1_172' title='bbox 1300 3095 1408 3160; x_wconf 89' lang='lat' dir='ltr'>debite</span> <span class='ocrx_word' id='word_1_173' title='bbox 1446 3117 1505 3180; x_wconf 88' lang='lat' dir='ltr'>per</span> 
     </span>
     <span class='ocr_line' id='line_1_23' title="bbox 454 3196 1504 3283; baseline -0.001 -23"><span class='ocrx_word' id='word_1_174' title='bbox 454 3197 622 3261; x_wconf 85' lang='lat' dir='ltr'>licentiam</span> <span class='ocrx_word' id='word_1_175' title='bbox 646 3197 772 3283; x_wconf 84' lang='lat' dir='ltr'>regiam</span> <span class='ocrx_word' id='word_1_176' title='bbox 803 3196 966 3261; x_wconf 89' lang='lat' dir='ltr'>translata</span> <span class='ocrx_word' id='word_1_177' title='bbox 995 3197 1105 3261; x_wconf 88' lang='lat' dir='ltr'>fuerat</span> <span class='ocrx_word' id='word_1_178' title='bbox 1135 3196 1177 3260; x_wconf 87' lang='lat' dir='ltr'>ad</span> <span class='ocrx_word' id='word_1_179' title='bbox 1204 3201 1353 3261; x_wconf 86' lang='lat' dir='ltr'>nostrum</span> <span class='ocrx_word' id='word_1_180' title='bbox 1375 3217 1504 3260; x_wconf 88' lang='lat' dir='ltr'>monas-</span> 
     </span>
     <span class='ocr_line' id='line_1_24' title="bbox 455 3298 1503 3384; baseline -0.001 -21"><span class='ocrx_word' id='word_1_181' title='bbox 455 3299 586 3378; x_wconf 89' lang='lat' dir='ltr'>terium,</span> <span class='ocrx_word' id='word_1_182' title='bbox 620 3303 655 3362; x_wconf 91' lang='lat' dir='ltr'>et</span> <span class='ocrx_word' id='word_1_183' title='bbox 692 3299 781 3383; x_wconf 91' lang='lat' dir='ltr'>quod</span> <span class='ocrx_word' id='word_1_184' title='bbox 819 3299 890 3384; x_wconf 88' lang='lat' dir='ltr'>ipsa</span> <span class='ocrx_word' id='word_1_185' title='bbox 921 3299 1070 3363; x_wconf 86' lang='lat' dir='ltr'>cantaria</span> <span class='ocrx_word' id='word_1_186' title='bbox 1101 3298 1298 3363; x_wconf 88' lang='lat' dir='ltr'>sufficienter</span> <span class='ocrx_word' id='word_1_187' title='bbox 1334 3303 1369 3363; x_wconf 90' lang='lat' dir='ltr'>et</span> <span class='ocrx_word' id='word_1_188' title='bbox 1406 3299 1503 3362; x_wconf 89' lang='lat' dir='ltr'>modo</span> 
     </span>
     <span class='ocr_line' id='line_1_25' title="bbox 455 3399 1504 3486; baseline -0.002 -21"><span class='ocrx_word' id='word_1_189' title='bbox 455 3400 569 3465; x_wconf 91' lang='lat' dir='ltr'>debito</span> <span class='ocrx_word' id='word_1_190' title='bbox 591 3405 666 3485; x_wconf 91' lang='lat' dir='ltr'>post</span> <span class='ocrx_word' id='word_1_191' title='bbox 686 3400 938 3466; x_wconf 87' lang='lat' dir='ltr'>translationem</span> <span class='ocrx_word' id='word_1_192' title='bbox 954 3400 1024 3486; x_wconf 89' lang='lat' dir='ltr'>ejus</span> <span class='ocrx_word' id='word_1_193' title='bbox 1046 3399 1156 3464; x_wconf 87' lang='lat' dir='ltr'>fuerat</span> <span class='ocrx_word' id='word_1_194' title='bbox 1178 3399 1347 3478; x_wconf 86' lang='lat' dir='ltr'>celebrata,</span> <span class='ocrx_word' id='word_1_195' title='bbox 1371 3406 1504 3486; x_wconf 87' lang='lat' dir='ltr'>praetcr-</span> 
     </span>
     <span class='ocr_line' id='line_1_26' title="bbox 455 3501 1504 3589; baseline 0.002 -25"><span class='ocrx_word' id='word_1_196' title='bbox 455 3523 553 3585; x_wconf 91' lang='lat' dir='ltr'>quam</span> <span class='ocrx_word' id='word_1_197' title='bbox 576 3501 804 3566; x_wconf 84' lang='lat' dir='ltr'>solummodo⁵</span> <span class='ocrx_word' id='word_1_198' title='bbox 834 3525 892 3588; x_wconf 89' lang='lat' dir='ltr'>per</span> <span class='ocrx_word' id='word_1_199' title='bbox 922 3505 943 3567; x_wconf 87' lang='lat'>3</span> <span class='ocrx_word' id='word_1_200' title='bbox 974 3502 1184 3589; x_wconf 89' lang='lat' dir='ltr'>septimanas,</span> <span class='ocrx_word' id='word_1_201' title='bbox 1207 3507 1353 3588; x_wconf 89' lang='lat' dir='ltr'>tempore</span> <span class='ocrx_word' id='word_1_202' title='bbox 1383 3508 1504 3567; x_wconf 87' lang='lat' dir='ltr'>morta-</span> 
     </span>
     <span class='ocr_line' id='line_1_27' title="bbox 455 3603 1502 3690; baseline 0.003 -25"><span class='ocrx_word' id='word_1_203' title='bbox 455 3603 561 3667; x_wconf 87' lang='lat' dir='ltr'>litatis</span> <span class='ocrx_word' id='word_1_204' title='bbox 593 3603 764 3667; x_wconf 90' lang='lat' dir='ltr'>hominum</span> <span class='ocrx_word' id='word_1_205' title='bbox 793 3604 830 3668; x_wconf 91' lang='lat' dir='ltr'>in</span> <span class='ocrx_word' id='word_1_206' title='bbox 859 3605 1009 3690; x_wconf 88' lang='lat' dir='ltr'>partibus</span> <span class='ocrx_word' id='word_1_207' title='bbox 1041 3603 1121 3668; x_wconf 90' lang='lat' dir='ltr'>istis.</span> <span class='ocrx_word' id='word_1_208' title='bbox 1177 3604 1240 3668; x_wconf 90' lang='lat' dir='ltr'>Pro</span> <span class='ocrx_word' id='word_1_209' title='bbox 1274 3625 1338 3690; x_wconf 92' lang='lat' dir='ltr'>quo</span> <span class='ocrx_word' id='word_1_210' title='bbox 1371 3605 1502 3690; x_wconf 90' lang='lat' dir='ltr'>quidem</span> 
     </span>
     <span class='ocr_line' id='line_1_28' title="bbox 456 3703 1503 3792; baseline 0.003 -24"><span class='ocrx_word' id='word_1_211' title='bbox 456 3705 585 3769; x_wconf 86' lang='lat' dir='ltr'>defectu</span> <span class='ocrx_word' id='word_1_212' title='bbox 607 3703 741 3770; x_wconf 83' lang='lat' dir='ltr'>fecimus</span> <span class='ocrx_word' id='word_1_213' title='bbox 756 3707 855 3771; x_wconf 86' lang='lat' dir='ltr'>finem</span> <span class='ocrx_word' id='word_1_214' title='bbox 878 3728 952 3771; x_wconf 88' lang='lat' dir='ltr'>cum</span> <span class='ocrx_word' id='word_1_215' title='bbox 967 3707 1100 3770; x_wconf 90' lang='lat' dir='ltr'>domino</span> <span class='ocrx_word' id='word_1_216' title='bbox 1122 3727 1198 3792; x_wconf 88' lang='lat' dir='ltr'>rege</span> <span class='ocrx_word' id='word_1_217' title='bbox 1219 3706 1259 3771; x_wconf 91' lang='lat' dir='ltr'>de</span> <span class='ocrx_word' id='word_1_218' title='bbox 1282 3709 1326 3772; x_wconf 87' lang='lat'>40</span> <span class='ocrx_word' id='word_1_219' title='bbox 1351 3706 1503 3771; x_wconf 78' lang='lat' dir='ltr'>denariis,</span> 
     </span>
     <span class='ocr_line' id='line_1_29' title="bbox 457 3806 1504 3895; baseline 0.003 -26"><span class='ocrx_word' id='word_1_220' title='bbox 457 3806 502 3870; x_wconf 86' lang='lat' dir='ltr'>Et</span> <span class='ocrx_word' id='word_1_221' title='bbox 525 3807 608 3888; x_wconf 87' lang='lat' dir='ltr'>ideo,</span> <span class='ocrx_word' id='word_1_222' title='bbox 624 3809 731 3893; x_wconf 87' lang='lat' dir='ltr'>quoad</span> <span class='ocrx_word' id='word_1_223' title='bbox 753 3811 928 3895; x_wconf 81' lang='lat' dir='ltr'>praemissa,</span> <span class='ocrx_word' id='word_1_224' title='bbox 944 3809 1183 3874; x_wconf 89' lang='lat' dir='ltr'>consideratum</span> <span class='ocrx_word' id='word_1_225' title='bbox 1205 3807 1270 3873; x_wconf 86' lang='lat' dir='ltr'>fuit</span> <span class='ocrx_word' id='word_1_226' title='bbox 1292 3809 1381 3893; x_wconf 92' lang='lat' dir='ltr'>quod</span> <span class='ocrx_word' id='word_1_227' title='bbox 1403 3810 1504 3873; x_wconf 83' lang='lat' dir='ltr'>abbas</span> 
     </span>
     <span class='ocr_line' id='line_1_30' title="bbox 289 3908 1503 3977; baseline 0.003 -5"><span class='ocrx_word' id='word_1_228' title='bbox 289 3908 413 3961; x_wconf 78' lang='lat' dir='ltr'>Amallia.</span> <span class='ocrx_word' id='word_1_229' title='bbox 456 3915 568 3973; x_wconf 89' lang='lat' dir='ltr'>noster</span> <span class='ocrx_word' id='word_1_230' title='bbox 590 3911 655 3976; x_wconf 91' lang='lat' dir='ltr'>iret</span> <span class='ocrx_word' id='word_1_231' title='bbox 676 3911 753 3976; x_wconf 91' lang='lat' dir='ltr'>inde</span> <span class='ocrx_word' id='word_1_232' title='bbox 775 3912 845 3976; x_wconf 88' lang='lat' dir='ltr'>sine</span> <span class='ocrx_word' id='word_1_233' title='bbox 860 3911 921 3977; x_wconf 92' lang='lat' dir='ltr'>die.</span> <span class='ocrx_word' id='word_1_234' title='bbox 967 3911 1015 3974; x_wconf 90' lang='lat' dir='ltr'>At</span> <span class='ocrx_word' id='word_1_235' title='bbox 1029 3916 1110 3975; x_wconf 89' lang='lat' dir='ltr'>tune</span> <span class='ocrx_word' id='word_1_236' title='bbox 1132 3911 1233 3975; x_wconf 89' lang='lat' dir='ltr'>etiam</span> <span class='ocrx_word' id='word_1_237' title='bbox 1256 3911 1378 3974; x_wconf 88' lang='lat' dir='ltr'>iterum</span> <span class='ocrx_word' id='word_1_238' title='bbox 1392 3909 1503 3976; x_wconf 88' lang='lat' dir='ltr'>fuerat</span> 
     </span>
     <span class='ocr_line' id='line_1_31' title="bbox 289 3987 1503 4103; baseline 0.002 -29"><span class='ocrx_word' id='word_1_239' title='bbox 289 3987 412 4103; x_wconf 57' lang='grc' dir='ltr'>ξζῗξζξ·</span> <span class='ocrx_word' id='word_1_240' title='bbox 457 4017 695 4096; x_wconf 86' lang='lat' dir='ltr'>praesentatum</span> <span class='ocrx_word' id='word_1_241' title='bbox 725 4013 812 4099; x_wconf 91' lang='lat' dir='ltr'>quod</span> <span class='ocrx_word' id='word_1_242' title='bbox 843 4035 902 4078; x_wconf 90' lang='lat' dir='ltr'>nos</span> <span class='ocrx_word' id='word_1_243' title='bbox 933 4012 1188 4099; x_wconf 87' lang='lat' dir='ltr'>perquisivimus</span> <span class='ocrx_word' id='word_1_244' title='bbox 1211 4012 1252 4077; x_wconf 90' lang='lat' dir='ltr'>de</span> <span class='ocrx_word' id='word_1_245' title='bbox 1275 4011 1439 4077; x_wconf 90' lang='lat' dir='ltr'>Willelmo</span> <span class='ocrx_word' id='word_1_246' title='bbox 1463 4013 1503 4077; x_wconf 89' lang='lat' dir='ltr'>de</span> 
     </span>
    </p>
   </div>
   <div class='ocr_carea' id='block_1_3' title="bbox 289 4112 1504 4202">
    <p class='ocr_par' dir='ltr' id='par_1_3' title="bbox 289 4112 1504 4202">
     <span class='ocr_line' id='line_1_32' title="bbox 289 4112 1504 4202; baseline 0.003 -27"><span class='ocrx_word' id='word_1_247' title='bbox 289 4121 438 4184; x_wconf 70' lang='lat' dir='ltr'>acquisitor</span> <span class='ocrx_word' id='word_1_248' title='bbox 458 4112 637 4180; x_wconf 89' lang='lat' dir='ltr'>Walcottes</span> <span class='ocrx_word' id='word_1_249' title='bbox 660 4116 823 4202; x_wconf 86' lang='lat' dir='ltr'>quoddam</span> <span class='ocrx_word' id='word_1_250' title='bbox 847 4115 988 4180; x_wconf 89' lang='lat' dir='ltr'>eroftum</span> <span class='ocrx_word' id='word_1_251' title='bbox 1004 4115 1042 4178; x_wconf 93' lang='lat' dir='ltr'>in</span> <span class='ocrx_word' id='word_1_252' title='bbox 1056 4114 1208 4180; x_wconf 82' lang='lat' dir='ltr'>Amallia</span> <span class='ocrx_word' id='word_1_253' title='bbox 1222 4115 1344 4200; x_wconf 85' lang='lat' dir='ltr'>absque</span> <span class='ocrx_word' id='word_1_254' title='bbox 1370 4114 1504 4179; x_wconf 88' lang='lat' dir='ltr'>licentia</span> 
     </span>
    </p>
   </div>
   <div class='ocr_carea' id='block_1_4' title="bbox 289 4185 1503 4320">
    <p class='ocr_par' dir='ltr' id='par_1_4' title="bbox 289 4185 1503 4320">
     <span class='ocr_line' id='line_1_33' title="bbox 289 4185 1503 4320; baseline -0.003 -36"><span class='ocrx_word' id='word_1_255' title='bbox 289 4185 407 4320; x_wconf 38' lang='grc' dir='ltr'>ἓξὲξ</span> <span class='ocrx_word' id='word_1_256' title='bbox 417 4262 444 4304; x_wconf 86' lang='lat' dir='ltr'>to</span> <span class='ocrx_word' id='word_1_257' title='bbox 456 4217 552 4301; x_wconf 84' lang='lat' dir='ltr'>regis,</span> <span class='ocrx_word' id='word_1_258' title='bbox 574 4223 648 4303; x_wconf 87' lang='lat' dir='ltr'>post</span> <span class='ocrx_word' id='word_1_259' title='bbox 670 4223 835 4283; x_wconf 85' lang='lat' dir='ltr'>statutum</span> <span class='ocrx_word' id='word_1_260' title='bbox 858 4219 899 4282; x_wconf 90' lang='lat' dir='ltr'>de</span> <span class='ocrx_word' id='word_1_261' title='bbox 921 4217 1018 4282; x_wconf 85' lang='lat' dir='ltr'>terris</span> <span class='ocrx_word' id='word_1_262' title='bbox 1034 4222 1068 4281; x_wconf 92' lang='lat' dir='ltr'>et</span> <span class='ocrx_word' id='word_1_263' title='bbox 1090 4217 1288 4282; x_wconf 84' lang='lat' dir='ltr'>tenementis</span> <span class='ocrx_word' id='word_1_264' title='bbox 1310 4217 1354 4281; x_wconf 91' lang='lat' dir='ltr'>ad</span> <span class='ocrx_word' id='word_1_265' title='bbox 1368 4239 1503 4281; x_wconf 89' lang='lat' dir='ltr'>manum</span> 
     </span>
    </p>
   </div>
   <div class='ocr_carea' id='block_1_5' title="bbox 455 4375 543 4383">
    <p class='ocr_par' dir='ltr' id='par_1_5' title="bbox 455 4375 543 4383">
     <span class='ocr_line' id='line_1_34' title="bbox 455 4375 543 4383; baseline 0.023 -2"><span class='ocrx_word' id='word_1_266' title='bbox 455 4375 543 4383; x_wconf 54' lang='lat'>*-</span> 
     </span>
    </p>
   </div>
   <div class='ocr_carea' id='block_1_6' title="bbox 490 4459 1503 4536">
    <p class='ocr_par' dir='ltr' id='par_1_6' title="bbox 490 4459 1503 4536">
     <span class='ocr_line' id='line_1_35' title="bbox 490 4459 1503 4536; baseline 0.013 -27"><span class='ocrx_word' id='word_1_267' title='bbox 490 4459 497 4490; x_wconf 88' lang='lat'>¹</span> <span class='ocrx_word' id='word_1_268' title='bbox 515 4476 559 4510; x_wconf 80' lang='lat' dir='ltr'>sc.</span> <span class='ocrx_word' id='word_1_269' title='bbox 577 4497 582 4509; x_wconf 93' lang='lat'>.</span> <span class='ocrx_word' id='word_1_270' title='bbox 597 4459 776 4526; x_wconf 68' lang='lat' dir='ltr'>pretendebat]</span> <span class='ocrx_word' id='word_1_271' title='bbox 790 4476 836 4511; x_wconf 86' lang='lat' dir='ltr'>nos</span> <span class='ocrx_word' id='word_1_272' title='bbox 847 4467 955 4525; x_wconf 81' lang='lat' dir='ltr'>praeten·</span> <span class='ocrx_word' id='word_1_273' title='bbox 1036 4471 1046 4500; x_wconf 73' lang='lat'><strong>⁴</strong></span> <span class='ocrx_word' id='word_1_274' title='bbox 1064 4469 1120 4520; x_wconf 80' lang='lat' dir='ltr'>inde</span> <span class='ocrx_word' id='word_1_275' title='bbox 1130 4469 1258 4536; x_wconf 61' lang='lat' dir='ltr'>dubanus]</span> <span class='ocrx_word' id='word_1_276' title='bbox 1277 4473 1309 4522; x_wconf 86' lang='lat' dir='ltr'>ud</span> <span class='ocrx_word' id='word_1_277' title='bbox 1320 4473 1368 4522; x_wconf 90' lang='lat' dir='ltr'>hoc</span> <span class='ocrx_word' id='word_1_278' title='bbox 1379 4472 1454 4522; x_wconf 83' lang='lat' dir='ltr'>electi</span> <span class='ocrx_word' id='word_1_279' title='bbox 1464 4489 1503 4522; x_wconf 84' lang='lat' dir='ltr'>as-</span> 
     </span>
    </p>
   </div>
   <div class='ocr_carea' id='block_1_7' title="bbox 457 4540 1162 4683">
    <p class='ocr_par' dir='ltr' id='par_1_7' title="bbox 457 4540 1162 4683">
     <span class='ocr_line' id='line_1_36' title="bbox 457 4540 1162 4608; baseline 0.017 -20"><span class='ocrx_word' id='word_1_280' title='bbox 457 4541 583 4600; x_wconf 74' lang='lat' dir='ltr'>debemus,</span> <span class='ocrx_word' id='word_1_281' title='bbox 594 4540 624 4589; x_wconf 90' lang='lat' dir='ltr'>P.</span> <span class='ocrx_word' id='word_1_282' title='bbox 999 4551 1119 4608; x_wconf 85' lang='lat' dir='ltr'>serebant,</span> <span class='ocrx_word' id='word_1_283' title='bbox 1132 4549 1162 4600; x_wconf 92' lang='lat' dir='ltr'>P.</span> 
     </span>
     <span class='ocr_line' id='line_1_37' title="bbox 489 4617 880 4683; baseline 0.01 -17"><span class='ocrx_word' id='word_1_284' title='bbox 489 4617 499 4648; x_wconf 76' lang='lat'>²</span> <span class='ocrx_word' id='word_1_285' title='bbox 515 4617 667 4683; x_wconf 71' lang='lat' dir='ltr'>reponebat]</span> <span class='ocrx_word' id='word_1_286' title='bbox 681 4619 840 4682; x_wconf 57' lang='lat' dir='ltr'>ponebamus</span> <span class='ocrx_word' id='word_1_287' title='bbox 850 4619 880 4670; x_wconf 90' lang='lat' dir='ltr'>P.</span> 
     </span>
    </p>
   </div>
   <div class='ocr_carea' id='block_1_8' title="bbox 458 4677 1495 4834">
    <p class='ocr_par' dir='ltr' id='par_1_8' title="bbox 458 4677 1495 4834">
     <span class='ocr_line' id='line_1_38' title="bbox 489 4677 1495 4762; baseline -0.008 -16"><span class='ocrx_word' id='word_1_288' title='bbox 489 4696 500 4726; x_wconf 81' lang='lat'><strong>³</strong></span> <span class='ocrx_word' id='word_1_289' title='bbox 517 4699 593 4746; x_wconf 82' lang='lat' dir='ltr'>After</span> <span class='ocrx_word' id='word_1_290' title='bbox 605 4696 733 4747; x_wconf 79' lang='lat' dir='ltr'>Hedonam</span> <span class='ocrx_word' id='word_1_291' title='bbox 744 4697 822 4748; x_wconf 84' lang='lat' dir='ltr'>insert</span> <span class='ocrx_word' id='word_1_292' title='bbox 835 4701 866 4749; x_wconf 85' lang='lat' dir='ltr'>ud</span> <span class='ocrx_word' id='word_1_293' title='bbox 877 4699 954 4762; x_wconf 86' lang='lat' dir='ltr'>placi·</span> <span class='ocrx_word' id='word_1_294' title='bbox 1031 4677 1042 4708; x_wconf 78' lang='lat'>⁵</span> <span class='ocrx_word' id='word_1_295' title='bbox 1059 4677 1211 4744; x_wconf 55' lang='lat' dir='ltr'>⁸⁰l²¹mmfflhl</span> <span class='ocrx_word' id='word_1_296' title='bbox 1230 4679 1368 4742; x_wconf 68' lang='lat' dir='ltr'>⁵⁰l0m0d02</span> <span class='ocrx_word' id='word_1_297' title='bbox 1379 4679 1406 4729; x_wconf 87' lang='lat' dir='ltr'>in</span> <span class='ocrx_word' id='word_1_298' title='bbox 1416 4681 1495 4732; x_wconf 80' lang='lat' dir='ltr'>MSS·</span> 
     </span>
     <span class='ocr_line' id='line_1_39' title="bbox 458 4775 609 4834; baseline 0.013 -12"><span class='ocrx_word' id='word_1_299' title='bbox 458 4776 568 4834; x_wconf 81' lang='lat' dir='ltr'>tandum,</span> <span class='ocrx_word' id='word_1_300' title='bbox 579 4775 609 4824; x_wconf 90' lang='lat' dir='ltr'>P.</span> 
     </span>
    </p>
   </div>
   <div class='ocr_carea' id='block_1_9' title="bbox 0 0 1813 5888">
    <p class='ocr_par' dir='ltr' id='par_1_9' title="bbox 0 0 1813 5888">
     <span class='ocr_line' id='line_1_40' title="bbox 0 0 1813 5888; baseline 0 0"><span class='ocrx_word' id='word_1_301' title='bbox 0 0 1813 5888; x_wconf 95' lang='lat' dir='ltr'> </span> 
     </span>
    </p>
   </div>
  </div>
 </body>
</html>
