3578 5874
443 857 509 922 246
667 871 806 922 rsonae
826 871 935 922 sasas
956 872 1073 924 aoaus
1095 873 1257 924 neamus

276 1055 345 1108 Μ).
360 1061 422 1108 leae
442 1067 503 1133 pro
523 1045 568 1131 vj.
589 1045 690 1123 libris,
717 1049 759 1112 13
781 1045 902 1124 solidis,
924 1049 946 1112 4
969 1047 1130 1127 denariis;
1160 1045 1317 1132 aliudque
1339 1046 1488 1114 Johsnni

276 1128 368 1254 ἓξὲξ·
443 1147 581 1227 Lessett,
615 1147 660 1212 ad
693 1147 872 1212 torminum
903 1148 985 1216 vitoe
1017 1171 1095 1228 suae,
1125 1171 1186 1235 pro
1219 1149 1286 1234 xvj.
1316 1147 1419 1228 libris,
1445 1152 1487 1214 13

356 1240 364 1255 ⁶
443 1248 566 1330 solidis,
590 1244 777 1328 tdenariis',
801 1250 953 1316 vendidit
975 1257 1010 1316 et
1034 1250 1224 1337 assignavit.
1270 1251 1345 1330 Sed,
1370 1259 1409 1316 ut
1430 1251 1490 1316 ali-

442 1352 586 1438 qualiter
615 1353 784 1438 concipere
813 1358 929 1438 potero
960 1374 1019 1439 per
1049 1353 1206 1438 inspecta,
1227 1353 1271 1420 ad
1301 1352 1490 1440 hujusmodi

443 1455 665 1531 alienationes,
696 1454 942 1539 prostrationes,
974 1456 1191 1533 venditiones,
1229 1477 1268 1524 ac
1303 1456 1370 1522 alia
1397 1478 1488 1522 reve-

442 1555 563 1622 landal
585 1557 621 1620 in
659 1555 802 1624 ooesione
833 1577 902 1636 sua,
935 1579 992 1643 per
1021 1559 1225 1626 incrementa
1254 1560 1487 1626 *redditnnm'

442 1658 499 1752 vij.
532 1657 710 1724 solidorum
741 1657 798 1744 xij.
830 1658 1038 1726 demriorum
1071 1661 1112 1726 de
1143 1661 1276 1748 capitali
1306 1662 1488 1748 messuagio

443 1760 610 1846 quondam
626 1759 779 1847 Hugonis
800 1759 919 1826 Portet
940 1761 977 1826 in
992 1761 1153 1850 Wagbna,
1168 1767 1203 1828 et
1225 1763 1266 1830 de
1288 1763 1489 1831 incremento

442 1863 485 1949 vj.
510 1861 718 1930 denariorum
741 1861 782 1928 de
803 1863 836 1928 le
851 1863 1054 1950 Milnegertb
1076 1864 1211 1944 ibidem,
1226 1885 1264 1930 ac
1285 1867 1487 1932 incremento

439 1964 473 2052 ij.
497 1964 676 2032 solidorum
709 1963 751 2028 de
783 1987 850 2032 uno
883 1969 1073 2032 tenemento
1106 1967 1144 2032 in
1168 1967 1486 2054 Otringhammersk,

440 2071 573 2134 tontum
596 2067 834 2132 monasterium
863 2072 1015 2135 nostrum
1041 2070 1222 2136 renovavit
1269 2069 1388 2156 Sioque
1409 2071 1487 2136 adie-

439 2171 535 2238 uavit
557 2171 724 2238 redditum
745 2172 790 2258 xj.
814 2193 1006 2253 marcarum,
1029 2173 1073 2258 vj.
1089 2175 1278 2254 solidorum,
1301 2175 1370 2262 viij.
1386 2177 1487 2242 dene·

439 2273 564 2340 riorum
593 2274 777 2352 annuatim,
800 2275 869 2340 ix¹¹.
893 2275 963 2342 xia
985 2275 1134 2342 fraxinos
1164 2277 1326 2356 vendidit,
1348 2279 1386 2344 in
1407 2279 1487 2346 locis

439 2376 563 2442 nostris
584 2376 643 2442 ubi
665 2382 835 2443 rarescunt
857 2383 1044 2456 crescentes,
1067 2380 1134 2447 duo
1157 2380 1306 2448 corrodia
1326 2382 1487 2460 vendidit,

439 2477 675 2544 monesterium
697 2479 885 2560 onerando,
908 2485 944 2548 et
965 2501 1026 2567 pro
1048 2481 1093 2548 ia
1115 2481 1229 2548 solidis
1252 2482 1322 2568 viij.
1345 2484 1487 2550 donanis

438 2581 480 2648 do
501 2581 714 2646 incrementis
746 2581 937 2648 reddituum
968 2585 1204 2650 monasterium
1232 2590 1384 2651 nostrum
1406 2585 1487 2652 rele-

438 2682 542 2750 vavit
589 2681 698 2761 Unde,
721 2683 910 2770 hujumodi
941 2684 1073 2754 lectoris
1097 2685 1225 2774 judicio
1247 2687 1483 2775 derelinquens,

438 2785 481 2856 ad
503 2785 569 2854 alia
590 2783 760 2854 festinabo.

360 3065 362 3076 '
439 3085 526 3174 [ru]
550 3083 1170 3174 commaculassent
1184 3093 1269 3154 aas
1282 3088 1485 3156 mamaea

526 3185 639 3256 aoatrc'
671 3186 804 3274 ermepto
836 3208 901 3274 per
937 3187 1106 3272 arcadem
1144 3196 1175 3258 et
1207 3197 1313 3258 morte
1345 3191 1484 3258 domiai

528 3289 661 3356 rama
697 3287 870 3366 uocas,
904 3288 1002 3358 aare
1034 3291 1254 3372 oausam,
1277 3293 1485 3380 samaras

526 3391 658 3472 aestrt5
681 3397 712 3458 ct
733 3391 824 3458 obite.

269 3571 410 3639 Amasidy
483 3561 658 3648 Regnante
692 3562 853 3650 siquidem
887 3565 1011 3630 inclitae
1044 3565 1211 3632 memoriae
1242 3589 1318 3656 rege
1342 3568 1482 3636 Ricardo

268 3639 406 3758 ἓξὲξ
438 3664 579 3730 secundo
593 3669 669 3752 poet
683 3669 915 3752 conquestum,
930 3687 1017 3730 anno
1033 3667 1127 3754 regni
1141 3667 1211 3754 ejus
1226 3669 1391 3754 vicesimo,
1407 3694 1481 3737 cum
1568 3705 1571 3708 ·

268 3766 589 3834 byRieharddominus
620 3765 762 3832 Thomas
792 3767 955 3833 Ammdell
989 3769 1031 3833 ab
1063 3771 1138 3836 sede
1176 3792 1236 3836 sua
1269 3771 1408 3838 Eboraci
1438 3775 1482 3840 ad

267 3837 398 3970 {igfgyssfff
437 3869 706 3935 Cantuariensem
750 3867 1007 3950 transferretur,²
1044 3893 1082 3937 ae
1119 3871 1271 3940 dominus
1317 3874 1482 3942 Robertus

268 3971 347 4021 York.
435 3971 588 4059 Waldby,
623 3969 863 4059 wigorniensis
897 3973 1072 4062 episcopus,
1105 3974 1141 4038 in
1174 3973 1249 4042 sede
1284 3975 1482 4046 Eborecensi

434 4073 540 4140 eidem
562 4074 805 4162 subrogaretur,
827 4074 915 4140 idem
937 4073 1072 4140 inolitus
1102 4099 1163 4144 rex
1192 4077 1351 4145 Ricardus
1374 4081 1479 4150 subsi-

435 4176 527 4240 dium
553 4176 648 4240 unius
671 4175 805 4242 decimae
839 4197 860 4240 a
891 4175 1030 4264 praefato
1065 4178 1210 4244 Roberto
1242 4181 1481 4272 archiepiscopo

267 4289 421 4360 Theelergy
434 4284 468 4343 et
501 4279 585 4344 clero
616 4300 684 4344 ause
716 4277 930 4342 Eboraoensis
959 4279 1138 4366 provinciae
1161 4283 1358 4368 postulabat
1405 4287 1480 4366 Sed,

266 4372 347 4408 Μ
433 4404 507 4448 oum
529 4379 686 4469 praefatus
709 4379 968 4468 archiepiscopus
991 4381 1133 4448 necdum
1156 4385 1192 4449 in
1214 4386 1290 4452 sede
1313 4409 1372 4452 sua
1394 4389 1482 4454 Ebo-

265 4424 414 4543 iiieiiiielves
432 4485 557 4550 recensi
579 4481 825 4548 inthronizatus
848 4481 1023 4562 extitisset,
1059 4485 1189 4570 praelati
1221 4487 1278 4553 alii
1309 4495 1343 4554 et
1375 4490 1479 4557 clerus

434 4641 570 4650 ---.-..-
577 4643 643 4651 --ι-
651 4644 656 4649 -

680 4732 687 4764 ¹
704 4729 849 4799 revelanda]
868 4733 1001 4783 relevanda
1018 4733 1044 4784 in
1055 4733 1111 4786 MS.

678 4809 689 4843 ²
707 4812 895 4878 transferretur]
915 4813 1078 4866 translaretur
1085 4814 1113 4864 in
1124 4814 1167 4864 the
1178 4813 1234 4866 MS.
