3578 5874
518 955 658 1010 rnouas
679 955 789 1008 nanas
811 956 928 1008 nouus
950 955 1112 1008 urorum.
1272 939 1336 1003 259

285 1133 403 1195 caetera
424 1127 620 1215 perimplere
637 1130 812 1215 [possent],
828 1149 903 1214 quas
925 1129 962 1192 in
985 1127 1073 1193 dicto
1088 1125 1234 1214 generali
1250 1125 1338 1212 capi·
1351 1135 1419 1187 an.
1433 1141 1496 1184 racc

284 1231 357 1296 tulo
380 1231 532 1296 (listercii
566 1230 669 1295 abbas
691 1229 841 1296 Cistercii
875 1235 909 1295 et
942 1230 1054 1296 caeteri
1076 1229 1212 1294 abbates
1233 1208 1440 1292 facere‘¹³⁹⁹'

285 1333 452 1398 ullatenus
483 1331 724 1418 praevalerent,1
752 1333 787 1398 in
825 1332 973 1418 plenaria
1010 1331 1136 1396 ordinis
1167 1333 1339 1416 potestate.

287 1435 385 1516 Quod
419 1433 504 1521 ipsi,¹
526 1439 565 1500 ut
598 1435 749 1520 praedixi,
772 1434 939 1500 ambitiosi
973 1433 1153 1511 audientes,
1177 1431 1338 1518 videlicet,
1351 1441 1478 1490 Theron-

286 1536 470 1622 capitulum
503 1537 655 1623 generale
688 1537 725 1600 in
759 1537 897 1623 praelato
929 1534 1127 1600 monasterio
1150 1534 1191 1600 de
1214 1534 1320 1600 Grat'
1351 1507 1507 1570 ventuepute

1299 1556 1497 1623 mmmm

287 1637 452 1717 celebrari,
476 1660 588 1704 omnes
603 1639 668 1704 sibi
682 1637 889 1704 adhaerentes
904 1641 1097 1717 convocant,
1114 1642 1148 1703 et
1171 1637 1338 1714 dixerunt,
1352 1589 1486 1690 senariis

285 1745 351 1794 -“
366 1739 459 1817 Ecce,
482 1739 609 1818 fratres,
638 1740 709 1826 jam
742 1752 793 1806 est
824 1745 956 1826 tempus
987 1737 1083 1804 nobis
1114 1739 1155 1804 de
1187 1706 1483 1834 intruso⁸2tfl0²2tffffl

288 1842 448 1907 “abbate
482 1842 672 1908 monasterii
706 1842 812 1908 nostri
846 1841 1028 1908 remedium
1055 1841 1237 1928 implorare.
1284 1839 1341 1905 Id·
1353 1847 1400 1890 ter.

286 1949 304 1979 “
327 1943 411 2009 circo
433 1942 599 2030 eligantur
621 1965 664 2009 ex
684 1944 780 2009 nobis
802 1944 877 2024 duo,
893 1943 961 2030 qui,
977 1942 1111 2008 nomine
1133 1947 1246 2007 nostro
1268 1964 1343 2029 pro·

288 2052 305 2080 “
328 2049 494 2110 curatores
516 2044 714 2112 sufficientes
736 2045 895 2124 instituti,
917 2044 961 2110 ad
983 2043 1133 2131 generale
1159 2043 1342 2130 capitulum

289 2146 455 2212 “ordinis
485 2147 600 2228 nostri,
634 2147 833 2214 auctoritate
863 2147 1044 2233 apostolico
1077 2145 1114 2210 in
1143 2145 1342 2211 monasterio

291 2257 307 2284 ‘¹
330 2249 371 2314 de
394 2248 520 2314 Gratiis
552 2249 791 2326 celebrandum,
816 2249 1011 2335 quantocius
1041 2247 1342 2312 transmittantur.''

288 2350 418 2416 Deinde
456 2351 627 2437 elegerunt
664 2351 782 2416 fratres
821 2351 1000 2416 Ricardum
1031 2350 1101 2415 Esk
1139 2353 1173 2414 et
1196 2349 1341 2414 Alanum
1354 2347 1466 2398 Richard

289 2451 427 2532 Burton,
458 2473 496 2518 ao
530 2453 618 2539 ipsos
650 2474 759 2518 eoram
790 2453 921 2518 notario
958 2452 1088 2538 publico
1118 2456 1342 2538 procuratores
1354 2415 1500 2531 {llnaffi

289 2555 421 2620 nomine
456 2576 516 2620 suo
545 2553 776 2620 instituerunt.
824 2553 1020 2640 Exindeque
1054 2553 1226 2618 conficitur
1258 2553 1341 2640 pub·
1354 2548 1503 2664 ξθῡὲξῑθῡθῦ

288 2656 389 2722 licum
411 2657 678 2722 instrumentum.
724 2655 774 2720 Ac
795 2655 860 2741 ipsi
883 2655 1043 2720 Ricardus
1066 2653 1137 2720 Esk
1159 2659 1194 2719 et
1215 2629 1448 2731 Alanusolii„‚⁰

290 2759 429 2838 Burton,
452 2758 495 2822 ad
518 2757 644 2822 dictum
666 2757 847 2844 capitulum
870 2757 906 2821 in
929 2756 1129 2822 monasterio
1152 2756 1193 2821 de
1216 2756 1342 2822 Gratiis
1353 2763 1425 2827 They
1442 2761 1512 2828 1⁸7⁸

289 2861 490 2938 accedentes,
513 2882 621 2926 coram
644 2860 899 2947 praesidentibus
920 2861 1023 2946 ipsius
1046 2859 1185 2946 capituli
1206 2881 1244 2924 ac
1274 2861 1341 2924 sin·
1354 2829 1496 2946 {Zffiffi

290 2963 378 3050 gulis
400 2962 578 3027 abbatibus
608 2962 732 3026 ibidem
754 2963 961 3048 congregatis
983 2967 1229 3048 proposuerunt,
1254 2961 1343 3047 quod
1355 2961 1470 3024 chapter,

291 3065 400 3129 dictus
423 3064 577 3128 dominus
598 3064 783 3128 *Thomas'
800 3064 930 3129 Burton
956 3063 1058 3128 abbas
1079 3069 1191 3127 nostro
1215 3026 1511 3144 monas-fflssffi„
1615 3125 1619 3132 .

291 3167 375 3231 ter-io
398 3166 567 3230 *intrusus
590 3166 728 3246 extitit,'
752 3165 787 3230 vi
810 3170 845 3230 et
876 3165 1027 3251 potentia
1061 3163 1187 3229 domini
1210 3164 1343 3228 Thomae
1356 3158 1457 3208 rasin·

275 3255 460 3334 'Wodstok
482 3268 575 3332 ducis
599 3267 820 3345 Gloucestriae‚
854 3266 980 3332 domini
1003 3266 1044 3330 de
1068 3265 1288 3331 Holdernesse
1311 3271 1345 3330 et
1356 3226 1512 3356 ffiduffm

292 3370 479 3434 fundatoris
501 3369 694 3434 monasterii
715 3369 821 3434 nostri
833 3393 841 3448 ;
874 3369 931 3454 qui
953 3368 1052 3455 ‘per‘
1078 3368 1206 3433 litteras
1227 3368 1346 3432 ‘suas'
1358 3356 1499 3474 ‘heff’n'ffi

292 3470 488 3538 senescallo4
520 3495 559 3538 ac
590 3471 718 3537 caeteris
741 3472 809 3535 suis
831 3470 1025 3536 officialibus
1055 3470 1096 3536 de
1127 3437 1466 3538 Holdarnessellleol'
1499 3440 1514 3474 e

292 3574 520 3639 transmiserat
542 3573 579 3638 in
602 3573 777 3652 mandatis,
809 3577 974 3658 quatenus
1006 3573 1043 3636 in
1075 3572 1233 3637 electione
1263 3555 1514 3638 dictiG¹⁰¹¹⁰⁶⁸‘0¹·

292 3677 419 3742 domini
434 3676 569 3742 Thomas
585 3677 714 3741 Burton
731 3675 897 3741 visitatori
912 3680 1025 3741 nostro
1041 3676 1223 3740 existerent
1238 3675 1346 3740 inten-

293 3778 418 3855 dentes,
435 3799 473 3842 ac
487 3778 636 3843 nolentes
659 3777 811 3842 electioni
835 3778 916 3842 dicti
931 3777 1065 3843 Thomas
1087 3777 1271 3843 consentire
1293 3778 1347 3842 vel

292 3879 480 3966 aliqualiter
510 3879 780 3959 contradicentes,
804 3877 927 3965 absque
961 3879 1072 3966 aliqua
1102 3878 1347 3959 retardatione,⁶

292 3981 422 4048 vinctos
445 3981 488 4046 ad
519 3981 685 4067 prisonem
707 4003 801 4046 suam
831 3980 872 4045 de
896 3980 1040 4046 Hedona
1070 3981 1229 4048 ducerent
1250 3983 1346 4070 puni·

294 4085 402 4149 andos.
448 4084 654 4170 Insuperque
677 4083 774 4169 quod,
812 4083 1121 4170 eumprocederent
1152 4085 1195 4150 ad
1218 4085 1347 4150 electio-

294 4207 380 4264 nem,
405 4189 448 4264 et,
472 4207 531 4271 per
553 4185 644 4249 viam
676 4185 835 4262 scrutinii,
869 4184 1010 4269 quilibet
1041 4186 1220 4251 monachus
1242 4187 1348 4252 nostri

211 4349 214 4356 .
295 4287 487 4354 monasterii
510 4307 614 4350 unum
646 4285 710 4352 sibi
733 4285 868 4372 eligeret
898 4285 935 4349 in
970 4287 1124 4352 abbatem
1155 4291 1189 4354 et
1222 4293 1378 4354 scruta-f.
1393 4304 1448 4349 raa.

296 4389 424 4455 toribus
457 4388 660 4454 nominasset
690 4387 737 4452 sic
769 4387 834 4452 sibi
857 4387 1007 4467 electum,
1030 4389 1099 4475 ipse
1130 4394 1225 4477 pater
1247 4390 1349 4455 abbas

297 4496 332 4556 et
362 4491 518 4556 visitator
551 4489 744 4555 monasterii
776 4489 883 4554 nostri
915 4495 1030 4556 contra
1062 4491 1139 4576 jura
1175 4491 1349 4556 manifeste

332 4685 434 4738 ¹Aster
450 4684 622 4752 prosalami,
640 4701 673 4736 an
689 4699 799 4749 erasure,
883 4685 894 4718 ⁴
916 4687 992 4738 Alter
1018 4685 1156 4748 senescallo,
1184 4687 1352 4738 Holdernesse

297 4766 353 4819 MS.
850 4767 947 4828 erased,
958 4766 1016 4817 MS.

330 4845 489 4911 ²Atlerr'psi,
497 4844 626 4896 audientes
638 4843 799 4908 erased,MS.
883 4845 894 4878 ⁵
916 4843 1102 4913 retardatione]
1129 4845 1303 4898 redardatione
1326 4846 1353 4897 in

331 4924 342 4957 ⁸
353 4924 430 4976 Aser
440 4927 544 4987 inausa,
554 4923 627 4975 nobis
638 4925 733 4987 erased,
742 4923 799 4975 MS.
850 4921 907 4974 MS.

1152 5009 1218 5071 aa
