3610 5890
458 864 501 927 64
692 875 791 924 suco
813 871 922 922 assas
944 871 1097 933 oomrus
1120 869 1281 921 orciuos.

291 1047 582 1114 A.D.1aoo.malens
618 1048 729 1114 hostes
766 1047 910 1112 inclusos
944 1045 1040 1110 famis
1078 1043 1189 1110 inedia
1223 1041 1368 1108 crociam
1405 1063 1504 1128 quam

457 1171 591 1215 suorum
624 1149 800 1214 interitum
831 1150 1002 1215 sustinere.
1047 1146 1093 1212 Et
1114 1145 1250 1212 interim
1272 1150 1406 1210 tantum
1428 1143 1506 1229 gelu

457 1252 493 1316 in
528 1252 595 1316 illis
625 1251 776 1340 partibus
807 1248 1001 1325 habebatur,
1025 1249 1113 1334 quod
1144 1247 1282 1334 paludes
1316 1251 1351 1311 at
1383 1245 1507 1310 fossata

457 1353 594 1420 fuerunt
631 1352 681 1418 ita
724 1352 976 1438 superficialiter
1020 1350 1192 1437 congelata
1236 1353 1276 1414 ut
1319 1347 1507 1414 incedentes

292 1455 607 1537 Thearlofhominas
628 1455 749 1542 glacies
779 1457 997 1542 supportaret.
1044 1452 1154 1530 Unde,
1184 1451 1284 1539 paulo
1306 1457 1386 1516 ante
1409 1449 1507 1514 Nati-

290 1527 420 1644 ,Yfflt
459 1557 599 1623 vitatam
622 1556 769 1636 Domini,
792 1577 899 1622 comes
921 1557 962 1622 de
985 1554 1158 1641 Warwyk,
1182 1575 1257 1619 cum
1282 1556 1347 1620 300
1370 1552 1506 1617 armatis

292 1659 435 1774 inornatos
459 1664 494 1724 et
516 1657 697 1746 sagittariis
719 1657 898 1738 nonnullis,
913 1679 1017 1743 usqua
1033 1655 1076 1721 ad
1099 1657 1266 1742 quandam
1288 1655 1507 1720 munitionem

319 1740 421 1776 ammes.
460 1758 548 1824 infra
579 1759 754 1824 mariscum
788 1759 957 1836 situatam,
981 1779 1040 1846 per
1065 1779 1166 1822 unam
1190 1757 1317 1824 leucam
1338 1779 1360 1821 a
1382 1754 1509 1822 Oalesia

460 1885 503 1928 ax
526 1863 651 1927 directo
667 1861 856 1941 distantem,
872 1881 970 1947 super
984 1859 1121 1947 glaciem
1143 1857 1281 1946 pedibus
1296 1859 1507 1924 incesserimt.

461 1963 569 2044 Quam
601 1963 831 2044 munitionem,
867 1963 993 2028 Hamas
1025 1966 1259 2048 nuncupatam,
1283 1963 1506 2047 expugnatam

459 2071 494 2132 et
526 2071 656 2152 captam
690 2064 951 2144 combusserunt,
975 2069 1017 2144 et,
1041 2063 1193 2149 pluribus
1215 2062 1409 2142 interfectis,
1433 2083 1508 2147 cap-

459 2168 547 2234 tivos
570 2166 729 2253 quosdam
752 2187 860 2232 secum
883 2187 942 2250 per
964 2164 1102 2230 eandam
1124 2166 1216 2230 viam
1238 2164 1415 2230 redeuntes
1437 2186 1509 2250 per·

294 2281 434 2333 haector
461 2269 639 2335 duxerunt
701 2268 801 2333 Anno
838 2267 1002 2352 siquidem
1040 2269 1251 2351 sequentc,9
1287 2266 1340 2332 die
1374 2266 1509 2352 Aprilis,

293 2349 393 2464 m
460 2375 535 2457 post
568 2369 702 2446 Pascha,
735 2369 954 2455 Francigenes
983 2369 1020 2433 in
1054 2373 1097 2433 80
1132 2369 1274 2433 navibus
1307 2368 1444 2434 armatis
1475 2373 1509 2433 et

293 2481 420 2546 capenas
461 2471 716 2537 arcobalistariis
747 2472 898 2547 oneratis,
932 2470 1029 2558 longe
1063 2471 1099 2534 in
1131 2471 1215 2534 mari
1247 2469 1377 2534 fluxum
1411 2471 1511 2534 maris

293 2546 444 2662 glffffl
462 2572 634 2639 submissis
664 2573 793 2638 ancoris
823 2571 1055 2659 expectabant,
1079 2575 1119 2636 ut
1141 2571 1223 2636 mari
1246 2571 1347 2637 altius
1370 2571 1512 2636 intuma

294 2685 404 2756 emptop,
463 2678 574 2740 scente
608 2672 746 2738 obsessis
778 2673 1002 2740 subvenirent.
1048 2673 1123 2738 Hoc
1145 2679 1319 2759 comperto,
1342 2693 1448 2738 comes
1470 2675 1512 2738 de

295 2745 398 2862 33¹2,OE
463 2775 753 2861 Northamptonia,
784 2796 866 2869 cum
908 2775 1032 2840 barone
1069 2774 1110 2839 da
1148 2773 1330 2840 Staffordia
1368 2781 1403 2840 et
1439 2774 1512 2842 aliis

461 2877 597 2943 armatis
619 2884 653 2944 et
676 2876 866 2964 sagittariis,
882 2875 919 2940 in
935 2879 975 2940 11
993 2875 1143 2955 navibus,
1159 2875 1242 2940 velis
1263 2877 1388 2956 erectis,
1411 2897 1513 2942 naves

462 2980 609 3045 hostium
632 2983 682 3045 est
712 2999 891 3066 aggressus.
938 2977 1004 3042 Sed
1028 2975 1157 3058 Gallici,
1184 2977 1383 3064 sagittarum
1407 2979 1514 3043 turbi-

463 3103 539 3147 nem
562 3082 722 3148 austinera
744 3103 812 3146 non
833 3080 993 3160 valentes,
1007 3101 1065 3165 par
1087 3079 1233 3144 diversas
1255 3080 1326 3146 vias
1347 3081 1383 3144 in
1401 3081 1514 3167 fugam

463 3184 619 3249 continuo
653 3183 888 3248 dissolvuntur.
935 3181 1076 3246 Plurimi
1098 3201 1186 3258 vero,
1208 3182 1333 3246 relictis
1361 3183 1513 3264 navibus,

298 3303 451 3368 Expeditior
463 3287 649 3372 praecipites
664 3285 779 3371 pelago
794 3307 828 3349 se
845 3283 1016 3350 dederunt.
1049 3281 1189 3348 Interim
1204 3283 1358 3348 dominus
1372 3284 1514 3350 Thomas

296 3371 378 3488 ‘'thir
465 3386 506 3452 de
528 3386 712 3474 Dagworth
735 3386 828 3452 miles
857 3407 931 3450 cum
962 3384 1074 3471 paucis
1096 3384 1254 3470 Anglicia,
1277 3385 1314 3449 in
1337 3384 1515 3452 Britannia

297 3453 437 3582 offilo
466 3489 618 3552 dimissus
650 3509 724 3552 cum
759 3489 825 3553 300
858 3487 1027 3573 equitibus
1059 3490 1093 3550 et
1125 3486 1297 3552 nonnullis
1323 3488 1513 3575 sagittariis,

297 3570 421 3699 ffiff'
466 3589 519 3653 die
535 3586 691 3653 Mercurii
713 3588 864 3675 proximo
887 3592 964 3653 ante
980 3587 1205 3653 Nativitatem
1221 3587 1335 3654 Sancti
1350 3589 1374 3654 J
1375 3589 1515 3655 ohannis

298 3712 454 3764 Hereum
466 3689 634 3776 Baptista,
673 3690 716 3754 ad
761 3689 999 3776 relegationem
1039 3689 1139 3755 castri
1185 3689 1226 3756 de
1264 3690 1514 3770 Rochediriana,

298 3779 386 3895 poche
465 3792 554 3878 quod
589 3791 733 3858 Karolus
765 3791 806 3858 da
841 3791 944 3876 Bloys
977 3791 1086 3856 dictus
1119 3790 1189 3856 dux
1224 3792 1408 3860 Britanniae
1440 3815 1514 3860 cum

297 3860 415 3976 ww
466 3897 564 3974 2,000
599 3894 758 3979 equitum,
782 3893 1039 3959 arcobalistariis
1074 3897 1109 3960 et
1131 3893 1206 3958 aliis
1228 3895 1396 3980 peditibus
1417 3897 1514 3962 innu-

298 3977 447 4095 ggssffl‘
464 3995 572 4072 meris,
606 3995 736 4061 obsedit
771 4000 805 4060 et
840 3995 956 4061 diebus
991 3994 1132 4081 singulis
1164 3997 1379 4083 expugnavit,
1412 4000 1515 4064 aciem

299 4123 446 4176 cmm,
466 4096 613 4183 dirigens
645 4096 811 4183 profectus
846 4101 903 4163 est.
966 4096 1077 4177 Unda,
1111 4096 1199 4163 facto
1232 4119 1407 4186 congressu
1441 4122 1515 4166 cum

298 4190 430 4307 Btpisand
468 4197 599 4276 eisdem,
621 4197 692 4262 dux
724 4198 794 4284 ipsa
821 4197 975 4280 Karolus,
1000 4197 1044 4268 57
1064 4204 1237 4286 magnates
1259 4205 1293 4266 et
1316 4203 1360 4265 80
1383 4201 1517 4282 militas,

298 4271 438 4387 mm.
467 4299 555 4385 oapti
588 4299 732 4366 filerunt.
787 4300 950 4366 Dominus
981 4304 1094 4365 autam
1125 4301 1167 4366 de
1199 4301 1293 4367 Valle
1324 4306 1360 4367 et
1393 4307 1434 4368 11
1459 4303 1516 4368 alii

300 4404 393 4440 Μ*
466 4401 594 4468 domini
615 4401 741 4481 famosi,
758 4407 793 4467 at
815 4403 943 4488 equites
965 4401 1040 4481 700,
1057 4425 1132 4468 cum
1153 4425 1276 4490 magna
1296 4405 1411 4491 populi
1432 4405 1520 4470 mul·

466 4504 622 4585 titudine,
637 4503 773 4568 fireumt
794 4503 968 4570 interfecti.
1015 4504 1175 4571 Dolentes
1198 4527 1275 4592 argo
1299 4505 1518 4592 Franciganas

467 4609 596 4670 tantam
620 4605 734 4693 populi
756 4605 984 4691 perditionem,
1000 4627 1128 4672 necnon
1143 4607 1234 4672 ducis
1249 4611 1285 4672 et
1306 4607 1519 4700 praefatorum

467 4705 627 4771 nobilium
662 4706 857 4791 captionem,
889 4728 948 4792 per
982 4705 1119 4774 terram
1140 4715 1175 4774 et
1208 4707 1342 4796 pelagus
1376 4709 1516 4775 insidias
