3610 5890
539 903 636 953 suso
659 902 767 952 uanas
789 903 943 964 oumrus
966 903 1128 955 DECIMUS.
1307 893 1349 954 45

305 1078 341 1138 et
365 1077 484 1153 55‚500
515 1077 589 1142 cresi
616 1081 651 1144 et
688 1075 827 1144 demersi
856 1077 1051 1144 referuntur.
1097 1079 1267 1161 Tantaque
1286 1073 1433 1142 fuitum.
1448 1095 1520 1145 roro.

306 1176 431 1242 ibidem
443 1177 558 1245 effusio
571 1181 741 1267 sanguinis
764 1181 853 1268 quod
872 1185 945 1247 tota
966 1181 1025 1246 illa
1046 1201 1133 1266 aqua
1153 1179 1194 1244 de
1217 1176 1353 1262 qumn,

306 1283 341 1344 ot
363 1301 464 1366 usque
485 1281 523 1346 in
544 1303 644 1362 mare,
665 1304 725 1369 per
748 1282 861 1349 adies
880 1289 1052 1368 sequentes
1074 1281 1180 1368 magis
1199 1281 1355 1367 apparuit

306 1383 439 1470 sanguis
456 1406 555 1471 quam
577 1396 683 1471 aqua3
706 1385 860 1471 tantique
882 1385 1017 1452 fuerunt
1038 1385 1162 1453 ibidem
1178 1383 1297 1449 Franci
1319 1386 1354 1448 et

305 1482 493 1552 Normanni
514 1486 681 1554 interfecti
704 1487 928 1554 et·submersi
951 1487 1041 1574 quod
1063 1487 1104 1553 de
1137 1486 1184 1552 eis
1215 1484 1353 1550 ridicule

306 1585 484 1667 dicebatur,
500 1589 604 1676 quod,
628 1589 657 1655 si
680 1589 771 1654 Deus
800 1588 943 1676 piscibus
976 1589 1076 1654 maris
1104 1587 1269 1674 loquelam
1296 1587 1472 1680 dawiay·

305 1687 414 1768 disset,
455 1713 498 1756 ex
533 1692 680 1778 ipsorum
718 1697 923 1757 mortuorum
960 1691 1182 1770 devoratione,
1219 1679 1492 1784 ydiomaffffffiffi

306 1789 468 1858 Gallicum
490 1794 635 1880 profecto
656 1793 694 1858 in
716 1798 883 1881 posterum
906 1793 1105 1860 habuissent.
1151 1791 1258 1858 Occisi
1273 1797 1431 1857 sunttoit-

304 1899 415 1960 eutem
447 1893 490 1961 de
513 1895 631 1982 Anglis
662 1901 796 1962 tanturn
830 1895 955 1960 milites
986 1899 1007 1959 4
1040 1899 1074 1960 et
1108 1893 1165 1959 alii
1188 1893 1252 1958 viri
1278 1895 1352 1958 400.

304 1996 358 2075 Et,
382 1998 460 2063 dum
484 1997 576 2064 istud
603 1997 724 2063 bellum
756 2003 917 2085 ageretur,
941 1996 1157 2063 Flandrenses
1188 1999 1352 2062 steterunt

304 2094 342 2158 in
374 2095 479 2175 litore,
511 2097 589 2163 belli
621 2102 778 2162 eventum
811 2095 1046 2184 praestolantes.
1095 2095 1198 2181 Cujus
1222 2095 1350 2162 exitum

243 2249 251 2269 .
307 2217 373 2262 uox
406 2199 606 2265 terminavit.
653 2199 769 2264 Noctis
791 2219 868 2286 ergo
890 2197 996 2286 caligo
1025 2219 1128 2262 naves
1150 2196 1350 2262 Francorum

303 2299 460 2386 protexit,
494 2302 573 2388 quia
610 2305 691 2366 tunc
724 2300 893 2387 potissime
924 2300 1013 2387 fugae
1045 2298 1236 2386 praesidium
1274 2305 1353 2366 suut

303 2401 439 2489 adeptae.
480 2402 628 2484 Quarum
652 2403 803 2490 quaedam
818 2403 968 2490 Anglicis
989 2400 1238 2488 insequentibus
1266 2402 1353 2488 oapi-

304 2504 452 2584 ebautur,
476 2505 613 2571 Francis
634 2504 824 2571 interfectis.
871 2505 957 2592 Ipsa
978 2508 1091 2570 autem
1122 2523 1225 2568 naves
1248 2502 1421 2578 Fran-Tse

301 2625 415 2672 corum
445 2606 537 2693 prius
571 2609 732 2672 catenatae
758 2611 863 2686 erant,
896 2628 938 2672 ne
970 2605 1013 2671 ab
1046 2605 1189 2670 invicem
1219 2593 1463 2710 possentffiffld'

302 2709 451 2795 separari
517 2707 591 2785 Sed,
631 2713 709 2774 ante
746 2708 890 2795 primum
931 2729 1148 2796 congressum,
1187 2677 1471 2778 Edwardoulla

303 2831 377 2897 rege
403 2833 477 2877 cum
511 2833 571 2876 sua
601 2811 702 2876 classe
734 2812 848 2899 fugam
880 2811 1066 2890 simulante,
1091 2809 1245 2876 catenas¹
1277 2833 1352 2875 susa
1363 2793 1479 2910 ⁸⁰⁸3&

303 2914 509 3000 rumpebant,
526 2920 561 2980 et
575 2935 686 3000 regem
704 2911 903 2980 Edwardum
920 2913 1109 3005 inordinate
1123 2912 1351 2999 sequebantur.
1364 2869 1507 2993 lrlgtdmng

304 3015 401 3094 Quod
421 3017 539 3082 videns
562 3016 747 3082 Edwardus
773 3038 843 3096 rex,
866 3015 982 3082 ordine
1006 3016 1171 3100 disposito,
1195 3036 1254 3102 per
1285 2992 1500 3112 ιιιθ-ΜΝΕἱ

302 3117 395 3184 dium
418 3120 561 3206 ipsorum
586 3119 760 3200 transibat,
783 3125 817 3184 et
852 3118 893 3183 de
915 3117 981 3182 illis
1004 3117 1176 3183 victoriam
1199 3121 1240 3181 ut
1269 3075 1469 3203 prae-m
1499 3099 1505 3114 ⁸

304 3221 427 3286 dicitur
463 3221 602 3308 adoptm
630 3228 688 3287 est.
735 3221 944 3308 Quapropter
976 3219 1045 3306 ipsa
1078 3240 1139 3284 rex
1167 3216 1521 3284 Edwarduscoinsauok

304 3323 548 3410 impressionem
574 3329 716 3390 monetae
750 3345 818 3390 suae
853 3343 961 3388 aurem
995 3321 1115 3388 fecerat
1148 3321 1350 3387 commutari.
1363 3297 1520 3414 ffifflwd

306 3425 404 3491 Unde
426 3426 462 3492 in
484 3448 543 3492 suo
565 3425 678 3507 nobili,
702 3425 874 3492 dimidiam
899 3445 1039 3490 marcam
1062 3423 1202 3500 volente,
1219 3444 1262 3488 ex
1283 3444 1352 3488 una
1362 3429 1501 3483 honours

303 3527 373 3612 ejus
395 3533 489 3616 parte
521 3550 642 3594 navem
664 3549 739 3594 cum
773 3551 849 3617 rege
883 3533 1012 3594 armato
1044 3527 1080 3591 in
1113 3548 1151 3592 eo
1185 3495 1518 3604 oontenmflffiffl·

300 3633 391 3718 regio
421 3632 555 3698 nomine
587 3631 839 3718 circumscripto,
872 3637 908 3698 et
943 3653 987 3698 ex
1018 3629 1122 3696 altera
1153 3629 1222 3716 ojus
1255 3633 1350 3716 parte

302 3755 427 3800 crucem
465 3733 612 3820 imprimi
648 3733 861 3810 constituens,
895 3732 980 3798 hanc
1017 3729 1349 3818 circumscriptionem

302 3836 464 3916 adhibuit,
489 3835 615 3902 “Jesus
637 3841 747 3902 autem
770 3835 933 3902 transiens
957 3856 1015 3921 per
1044 3833 1188 3900 medium
1218 3832 1349 3898 illorum

301 3947 318 3974 «τ
340 3938 438 4005 ibat”

305 4190 383 4258 ors.
422 4189 514 4258 mv.
553 4190 604 4256 oe
640 4189 765 4258 acrae
800 4188 982 4258 accam
1017 4187 1107 4272 ayo
1129 4187 1271 4275 razso
1305 4187 1350 4252 a
1419 4147 1422 4154 ’

494 4293 692 4371 Profectum,
716 4301 747 4360 ct
768 4291 898 4379 irrupto
918 4287 1160 4358 tricenalibus.

347 4451 528 4518 Commisso
550 4451 665 4537 itaque
687 4450 776 4516 dicto
799 4449 894 4528 bello,
917 4448 1101 4515 Edwardus
1122 4469 1183 4514 rex
1201 4448 1237 4513 in
1253 4447 1351 4512 Flan·
1362 4465 1474 4516 naum

300 4555 374 4620 dria
395 4575 454 4641 per
485 4553 555 4619 dies
586 4553 713 4640 aliquot
746 4551 944 4632 morabatur,
968 4556 1003 4617 ot
1026 4553 1069 4615 24
1092 4551 1145 4616 die
1167 4549 1251 4614 Julii
1274 4531 1464 4653 ouutssffi‘¹

926 4712 1050 4720 ---.--..
1059 4706 1347 4716 .—........-—......---

654 4795 661 4827 ¹
679 4793 808 4860 romeam]
820 4801 929 4854 catenas,
940 4793 997 4844 MS.
