3578 5874
461 845 527 905 ΞΗ
685 858 824 906 rnouis
845 859 955 906 annis
977 859 1093 909 mouns
1116 861 1275 910 nmmos

293 1035 361 1085 ab.
375 1040 439 1088 1³9⁶
461 1031 544 1096 Haec
579 1035 660 1096 suut
696 1031 767 1118 ejus
803 1032 1002 1099 notabiliora
1039 1056 1114 1120 quae
1150 1035 1229 1100 fecit
1260 1035 1298 1099 in
1335 1035 1503 1121 aliquibus

291 1107 384 1216 'Q'
460 1134 616 1212 aedificiis,
638 1133 900 1220 reparationibus
930 1157 986 1200 sen
1017 1137 1304 1217 translationibus,
1325 1143 1425 1224 prout
1447 1138 1508 1201 ali-

460 1237 604 1322 qualiter
626 1259 684 1324 per
716 1237 827 1323 aliqua
861 1245 1028 1324 comperta
1049 1240 1105 1304 vel
1126 1240 1193 1305 fide
1224 1241 1401 1327 dignorum
1424 1240 1509 1304 rela-

459 1341 566 1404 tiones
597 1341 692 1426 potui
723 1341 898 1406 certiorari.
946 1341 992 1406 Et
1013 1343 1093 1427 quia
1125 1343 1166 1407 de
1197 1343 1269 1426 ejus
1302 1342 1450 1408 aedificiis
1472 1349 1509 1407 et

459 1442 533 1507 aliis
549 1442 609 1509 feci
631 1443 843 1523 mentionem,
858 1444 902 1508 ad
924 1444 990 1509 alia
1010 1445 1082 1529 ejus
1097 1443 1187 1510 iacta
1208 1445 1363 1511 similiter
1383 1443 1507 1530 incepti

459 1545 566 1632 operis
588 1567 677 1610 nuuc
698 1545 860 1610 reducam¹

462 1837 560 1925 [ΙΙΙ.]
583 1839 630 1904 De
645 1837 865 1904 incrementis
886 1839 1097 1916 reddituum,
1112 1838 1383 1905 alienationibus
1402 1844 1507 1904 iena-

547 1963 630 2006 ram
658 1941 701 2006 ia
724 1941 943 2026 Grpnieaiona
975 1950 1004 2006 et
1027 1942 1070 2006 ia
1092 1941 1274 2019 Becerlaeo,
1304 1941 1505 2028 prostratio-

547 2043 652 2109 aibas
682 2043 916 2129 fraxinorum
953 2051 984 2108 et
1019 2043 1279 2110 c·enditiooibus
1313 2067 1439 2122 eoram
1475 2051 1506 2108 et

547 2145 632 2211 aliie
652 2144 908 2212 venditionibus
931 2146 1172 2224 corundunam,
1196 2153 1226 2212 ct
1247 2147 1381 2214 euteria

290 2318 439 2372 alienatum
505 2303 640 2370 Interea
682 2325 771 2382 vero,
809 2325 883 2369 cum
922 2305 1056 2392 quidam
1094 2305 1294 2371 venerabilis
1333 2304 1504 2392 burgensis

290 2386 435 2514 ffifflto
458 2406 549 2471 villae
594 2407 634 2471 de
673 2406 872 2492 Kyngstona
910 2429 1009 2493 super
1052 2407 1145 2486 Hull,
1185 2407 1350 2474 Robertus
1388 2407 1505 2474 Crasse

289 2517 440 2572 aemonen-
459 2509 599 2585 nomine,
623 2508 666 2573 ob
689 2509 829 2574 salutem
863 2509 983 2574 animae
1005 2532 1075 2576 suae
1097 2532 1136 2575 ao
1158 2511 1329 2597 specialem
1351 2511 1502 2576 affectum

289 2587 391 2704 {roffi
458 2633 555 2697 quem
578 2610 696 2676 habuit
717 2612 915 2677 monasterio
938 2618 1061 2692 nostro,
1085 2619 1275 2679 tenemento
1296 2614 1444 2699 quaedam
1467 2613 1504 2676 in

289 2717 423 2770 ciocaof
459 2713 680 2798 Grymestona
712 2714 749 2778 in
771 2714 973 2780 Holderncss
1003 2737 1042 2780 ac
1064 2716 1240 2781 Beverlaco
1272 2716 1375 2793 nobie,
1399 2737 1503 2801 quan-

289 2785 358 2836 H¹¹¹¹'
457 2821 530 2880 tum
553 2816 683 2902 inipso
705 2816 779 2896 fuit,
803 2821 974 2904 erogasset,
997 2840 1035 2884 ac
1065 2819 1192 2884 caeteris
1213 2819 1330 2883 mediis
1363 2816 1503 2882 feoffatis

455 2918 648 2984 contulisset
680 2917 718 2983 iu
748 2940 828 2984 usus
859 2925 989 2984 nostros
1022 2925 1205 3006 perpetuos,
1228 2925 1304 3008 post
1337 2921 1502 2986 decessum

454 3021 557 3107 ipsius
587 3020 726 3086 Roberti
756 3020 914 3086 continuo
948 3022 1151 3108 possidenda,
1174 3023 1258 3088 sicut
1292 3023 1329 3086 in
1355 3027 1501 3108 tempore

456 3123 582 3189 domini
605 3123 761 3190 Willelmi
784 3123 825 3190 de
848 3123 1068 3212 Scardburgh,
1090 3124 1221 3190 abbatis
1244 3124 1361 3190 decimi
1384 3123 1501 3202 octavi,

369 3308 376 3322 Ι
455 3227 600 3313 capitulo
622 3226 701 3304 viic,
736 3225 867 3313 plenius
897 3227 1094 3304 continetur,
1125 3232 1159 3292 et
1181 3248 1241 3292 nos
1265 3227 1502 3313 obligassemus

454 3351 514 3395 nos
546 3333 580 3395 et
614 3349 809 3394 successores
847 3333 985 3406 nostros,
1018 3333 1052 3394 et
1084 3329 1193 3396 adhuc
1230 3329 1424 3417 obligamur,
1458 3328 1501 3393 ad

453 3423 691 3496 inveniendum
725 3451 829 3494 unum
862 3431 903 3496 de
935 3431 1174 3496 commonachis
1208 3433 1328 3497 nostris
1360 3430 1501 3496 celebra-

453 3539 565 3599 turum
590 3533 705 3597 divina
728 3531 898 3618 quotidie¹
914 3534 1157 3622 imperpetuum
1179 3534 1222 3598 ad
1244 3534 1348 3598 altare
1371 3539 1500 3618 aposto-

453 3633 582 3700 lomm⁹
607 3633 699 3700 Petri
723 3639 757 3700 et
780 3633 885 3712 Pauli,
912 3635 949 3701 in
972 3637 1107 3702 ecclesio
1139 3642 1252 3701 nostra
1283 3635 1500 3712 conventuali,

453 3759 512 3823 pro
546 3737 658 3802 anima
687 3736 791 3823 ipsius
825 3737 964 3803 Robcrti
988 3738 1113 3815 Orosse,
1136 3737 1339 3803 Elizabethae
1372 3743 1406 3802 et
1429 3736 1499 3802 Iea-

453 3840 557 3918 bellae,
581 3861 721 3904 uxorum
745 3861 888 3920 suarum,
910 3841 1016 3926 patris
1039 3847 1074 3906 et
1096 3841 1214 3905 matris
1237 3861 1313 3919 suae,
1336 3839 1500 3904 iohannis

452 3943 598 4008 Deunan
637 3943 676 4007 de
715 3939 932 4028 Scardburgb‚
970 3933 1135 4028 quondain
1175 3941 1325 4028 magistri
1364 3941 1423 4018 sui,
1461 3946 1498 4006 et

451 4045 599 4110 omnium
630 4044 875 4111 bencfactorum
919 4065 1064 4126 suorum,
1099 4045 1311 4130 omniumque
1348 4042 1498 4108 fidelium

450 4149 631 4226 animabus
648 4169 686 4213 ec
709 4147 778 4212 alia
799 4146 1025 4234 perimplenda
1047 4147 1108 4212 sub
1131 4147 1227 4213 certis
1247 4144 1498 4226 conditionibus,

448 4251 535 4316 siout
557 4250 593 4314 in
616 4247 761 4316 chartis³
785 4249 864 4314 inde
887 4247 1048 4314 confectis
1069 4249 1277 4314 manifestius
1299 4246 1497 4326 continetur,

448 4353 604 4442 plaefatm
619 4353 773 4418 dominus
796 4351 897 4416 abbas
918 4352 991 4438 ipso
1013 4355 1203 4417 tenemento
1225 4350 1261 4415 in
1276 4349 1496 4436 Grymestona

478 4620 488 4652 ¹
505 4619 623 4686 quotidie]
643 4619 734 4670 cotidie
750 4619 778 4669 in
789 4617 846 4668 MS.
1026 4615 1038 4649 ³
1054 4613 1159 4683 abortia]
1173 4614 1248 4666 cartis
1259 4613 1287 4664 iu
1298 4613 1367 4674 MS.;
1379 4614 1422 4664 tbc
1432 4628 1492 4664 con·

477 4698 678 4766 ²apostolorum]
709 4699 895 4764 appostolorum
918 4696 946 4747 iu
992 4701 1058 4748 stam
1068 4695 1134 4746 form
1142 4693 1171 4746 ol
1177 4695 1292 4762 spelling.

444 4778 501 4830 MS.
