3578 5874
480 857 545 922 264
709 868 848 920 rnorras
868 869 979 920 aneas
1001 870 1118 921 nouus
1139 871 1300 921 oremus

315 1052 382 1106 nn.
396 1059 459 1104 raso
480 1039 548 1106 tius
569 1040 788 1127 requirebant,
802 1045 963 1127 quatenus
978 1041 1042 1126 ipsi
1055 1041 1209 1106 abbatem
1223 1047 1374 1108 nostrum
1396 1063 1525 1106 monas-
1552 1053 1555 1060 ⁴

313 1126 406 1172 '¹³⁹⁹'
479 1143 619 1229 teriiquo
640 1144 746 1208 nostri
761 1147 960 1210 conventum
979 1143 1023 1207 ad
1045 1143 1134 1229 pacis
1148 1145 1311 1210 unitatem
1325 1144 1524 1220 reducerent,

481 1246 597 1332 siquo
619 1245 715 1310 modo
738 1245 824 1331 ipsos
855 1243 997 1310 moltero
1027 1251 1160 1330 possent
1192 1247 1235 1311 ad
1266 1245 1523 1312 conveniendum

481 1348 517 1412 in
539 1369 643 1412 unum
658 1347 765 1412 locrrm
789 1351 886 1412 extra
908 1345 1102 1426 claustralia,
1120 1345 1266 1438 ubitam
1286 1348 1368 1414 dicti
1389 1349 1524 1414 abbates

482 1471 580 1537 quam
602 1449 666 1536 ipsi
688 1448 891 1526 Edmundus,
914 1453 949 1513 et
979 1449 1101 1527 doctor,
1125 1452 1335 1537 notoriusquc
1365 1450 1522 1538 publicus,

482 1553 570 1618 inter
592 1551 697 1618 dictos
719 1552 923 1617 abbatemet
945 1557 1146 1617 conventum
1168 1553 1217 1618 ita
1232 1554 1415 1619 mediarent
1437 1551 1523 1638 quod

483 1676 595 1742 pacem
625 1655 752 1719 firmam
784 1653 872 1719 inter
902 1653 989 1740 ipsos
1023 1654 1203 1720 radicatam
1237 1655 1456 1741 relinquerent
1485 1657 1523 1718 ut

482 1757 651 1843 optabant.
697 1756 815 1841 Sicque
836 1756 959 1822 sactum
995 1761 1053 1836 est,
1084 1763 1122 1822 ut
1153 1757 1259 1822 dictus
1281 1757 1384 1822 abbas
1415 1759 1524 1822 noster

483 1865 518 1926 et
540 1881 651 1926 omnes
673 1859 731 1925 alii
753 1859 858 1926 eidem
879 1858 1074 1924 rebellantes
1096 1859 1132 1924 in
1154 1859 1256 1924 altam
1271 1881 1431 1925 cernerem
1453 1858 1523 1924 hos-

483 1963 559 2050 pitii
592 1962 727 2028 insimul
763 1961 986 2040 convenirent,
1017 1983 1055 2028 ac
1088 1984 1186 2048 super
1222 1961 1361 2028 diversis
1391 1961 1524 2027 alterca-

483 2065 638 2145 tionibus,
669 2064 823 2142 articulis,
854 2063 978 2149 litigiis,
1001 2063 1240 2144 controversiis,
1270 2064 1525 2130 dissensionibus

483 2189 522 2232 cc
543 2167 722 2246 discordiis,
745 2167 834 2231 inter
855 2165 1031 2252 praefatum
1054 2165 1223 2232 dominum
1246 2167 1404 2232 Thomcm
1426 2165 1524 2231 abba·

483 2274 551 2335 tem
573 2274 608 2334 et
628 2273 828 2334 conuentum
854 2267 1044 2334 monasterii
1073 2269 1179 2333 nostri
1210 2269 1426 2355 praetatosque
1448 2269 1524 2333 Ala-

483 2391 562 2434 num
578 2375 613 2435 et
635 2369 814 2434 Ricardum
829 2369 906 2446 Esk,
923 2369 984 2433 sub
997 2368 1116 2434 umbra
1137 2370 1350 2457 protectionis
1365 2370 1525 2435 dictorum

484 2471 644 2536 abbatum
665 2476 745 2537 tunc
768 2491 922 2550 reversos,
945 2472 1045 2536 motis
1066 2478 1101 2536 ct
1127 2473 1344 2558 pendentibus
1366 2473 1524 2548 indecisis,

485 2573 600 2638 habita
627 2571 830 2658 aliquamdiu
853 2573 1072 2650 altercatione,
1095 2574 1228 2639 tandem
1258 2597 1354 2662 super
1375 2575 1525 2640 omnibus

485 2680 519 2739 et
542 2675 679 2760 singulis
702 2673 858 2753 articulis,
886 2675 1117 2740 controversiis
1139 2680 1173 2740 et
1203 2675 1322 2763 litigiis
1344 2677 1526 2764 praeceden-

485 2777 583 2856 tibus,
607 2777 804 2842 diffiniendis
837 2782 872 2841 et
903 2777 969 2841 fine
991 2776 1104 2843 debito
1126 2777 1350 2858 termina-ndis,
1373 2780 1526 2866 prefatus

426 2951 429 2960 ,
488 2880 639 2945 dominus
661 2879 803 2944 Thomas
825 2878 928 2944 abbas
950 2883 1062 2944 noster
1087 2901 1125 2944 ac
1146 2887 1338 2961 conventus,
1362 2888 1396 2948 et
1418 2904 1525 2948 corum

487 2981 617 3070 singuli,
639 2981 676 3046 in
709 2981 814 3046 dictos
845 2981 1048 3048 venerabiles
1081 2986 1192 3069 patres
1218 2983 1259 3049 do
1292 2982 1388 3072 Rupe
1420 2992 1455 3050 et
1486 2985 1526 3049 de

488 3084 654 3150 Geridonn
685 3083 956 3149 monasteriorum
986 3083 1131 3164 abbates,
1155 3091 1190 3151 et
1221 3086 1397 3152 discretum
1419 3087 1526 3152 virum

488 3187 700 3253 Edmundum
723 3185 934 3252 Fitzwilliam
964 3186 1141 3271 praefatum
1163 3188 1370 3254 domicellum
1393 3189 1526 3255 serenis·

488 3289 562 3355 simi
584 3311 622 3354 ac
650 3288 846 3354 nobilissimi
877 3287 1011 3367 domini,
1042 3289 1167 3354 domini
1198 3289 1289 3356 ducis
1311 3290 1527 3371 Albcmarliae,

487 3393 524 3457 in
539 3391 738 3456 Holderness
751 3391 972 3469 senescallum,
983 3393 1280 3477 compromiserunt,
1303 3395 1528 3478 promittentes

488 3509 522 3558 et
544 3494 609 3560 fide
630 3493 740 3560 media
753 3493 971 3579 astringentes
991 3515 1107 3580 parere
1121 3499 1156 3559 et
1175 3495 1307 3560 obedire
1321 3496 1526 3574 ordinationi,
1609 3503 1614 3514 '

322 3591 586 3670 Thsyanrmlaudo
617 3599 652 3660 et
681 3593 819 3660 arbitrio
850 3595 1034 3662 eorundem
1081 3596 1148 3676 Qui
1181 3597 1314 3682 quidem
1345 3597 1462 3663 arbitri
1495 3605 1528 3663 et

321 3657 477 3773 {peppmty
489 3696 759 3784 compromissarii
790 3696 978 3782 supradicti,
1001 3691 1116 3764 habito
1148 3697 1299 3784 diligenti
1329 3704 1472 3765 tractatu
1495 3707 1527 3766 et

322 3789 469 3906 {lffid
489 3799 731 3876 deliberatione,
754 3799 795 3864 de
825 3799 959 3864 consilio
985 3799 1250 3886 jurisperitorum
1283 3803 1405 3868 eisdem
1434 3803 1527 3869 assis·

323 3922 457 3975 Buram
490 3902 641 3978 tertium,
665 3901 754 3980 cisia,
778 3901 928 3988 perlectis
957 3907 991 3966 et
1014 3903 1199 3981 intellectis,
1221 3904 1388 3969 nonnullis
1410 3905 1528 3970 litteris

322 3988 405 4040 abhoc
490 4003 530 4069 de
553 4009 587 4068 et
608 4025 706 4090 super
731 4003 886 4070 electione
916 4005 1066 4091 praedicti
1098 4005 1223 4070 domini
1245 4005 1377 4072 Thomse
1398 4007 1528 4072 abbatis

489 4107 651 4193 conceptis
682 4111 716 4172 ct
749 4107 908 4172 veraciter
941 4107 1110 4185 ordinatis,
1142 4107 1258 4193 sigillis
1291 4109 1527 4174 venerabilium

488 4215 621 4296 patrum
645 4209 686 4274 de
709 4207 872 4272 Fontibus
898 4213 932 4274 et
947 4208 1122 4295 Kyrkstall
1138 4211 1407 4275 monasteriorum
1429 4210 1528 4276 abba·

487 4319 568 4390 turn,
603 4332 641 4376 ae
677 4309 798 4375 litteris
833 4310 875 4376 ad
912 4311 1089 4397 petendam
1121 4311 1400 4378 confirmationem
1432 4312 1527 4378 dictae

487 4413 655 4483 electionis
687 4418 722 4480 et
760 4411 841 4478 dicti
872 4413 968 4479 electi
1004 4413 1264 4480 benedictionem
1299 4435 1320 4480 a
1350 4413 1527 4480 venerabili

486 4524 578 4605 putre
616 4515 811 4582 Eboracensi
849 4515 1097 4602 archiepiscopo,
1132 4517 1314 4604 litterisque
1347 4517 1527 4582 testimoni·

485 4623 592 4687 alitus
615 4621 746 4685 domino
779 4618 854 4682 duci
886 4618 1096 4684 Glouccstrire
1126 4640 1185 4704 pro
1208 4618 1405 4684 admissione
1426 4618 1527 4705 ipsius

485 4723 616 4788 abbatis
659 4721 702 4788 ad
736 4720 923 4808 homagium
956 4725 990 4786 et
1024 4719 1216 4786 fidelitatem
1255 4721 1358 4786 eidem
1395 4721 1526 4789 donrirm
