3610 5890
449 854 490 914 to
680 872 775 922 auco
800 871 909 920 naurs
932 873 1084 934 orrrnrus
1106 873 1270 927 naoruus

279 1045 348 1100 ΑΒ·
363 1047 609 1134 ¹³⁴2·1·ecepturi
632 1052 671 1112 ut
693 1053 890 1114 merueramt.
938 1048 1011 1128 Quo
1042 1047 1206 1130 defuncto,
1237 1049 1388 1116 Clemens
1414 1071 1500 1138 papa

279 1127 418 1244 gffiss'
449 1153 477 1226 6,
501 1149 678 1215 monachus
709 1151 810 1239 niger,
842 1173 930 1216 anno
963 1151 1100 1216 Domini
1137 1155 1234 1231 1342,
1265 1153 1301 1217 in
1332 1175 1498 1218 summurn

447 1251 652 1337 pontificium
676 1253 855 1318 ordinatur.
903 1253 968 1333 Qui
991 1253 1111 1319 fratres
1141 1275 1215 1319 auos
1245 1259 1280 1320 et
1302 1261 1439 1340 nepotes
1461 1277 1499 1320 ac

447 1353 531 1418 filios
554 1356 701 1442 proprios
723 1356 759 1419 in
789 1357 971 1421 cardinales
1000 1361 1035 1420 et
1066 1357 1231 1443 episcopos
1265 1357 1439 1444 promovit,
1461 1357 1495 1422 in

448 1462 580 1522 tanturn
604 1465 642 1522 ut
665 1458 752 1522 infra
774 1479 893 1545 paucos
924 1479 1028 1523 annos
1059 1459 1163 1544 major
1184 1481 1260 1545 pars
1282 1459 1497 1525 cardinalium

278 1551 420 1606 Pfflfflffloe
448 1559 489 1624 de
511 1560 588 1624 filiis
610 1560 681 1646 ejus
704 1569 775 1625 crat
796 1565 831 1624 et
853 1560 1036 1646 nepotibus.
1084 1560 1186 1646 Cujus
1209 1566 1355 1647 tempore
1377 1561 1499 1626 accidit

279 1619 310 1666 oi
321 1625 392 1671 1340.

448 1685 568 1748 magna
584 1663 641 1727 illa
662 1671 697 1726 et
712 1662 908 1727 universalis
924 1663 1121 1749 pestilentia,
1137 1685 1225 1730 anno
1240 1663 1375 1728 Domini
1401 1665 1496 1730 1349.

448 1764 548 1830 Unde
570 1765 657 1830 idem
680 1788 765 1852 papa
787 1765 878 1830 misit
900 1765 937 1829 in
959 1766 1116 1853 Angliam
1138 1765 1377 1831 absolutionem
1400 1787 1498 1852 gene·

446 1869 557 1946 ralem,
578 1891 636 1955 per
658 1873 726 1932 tres
741 1889 868 1934 menses
891 1867 934 1932 ab
957 1867 1028 1953 ejus
1048 1868 1273 1954 publicatione
1294 1869 1496 1944 duraturam,

327 1964 329 1972 ’
446 1971 598 2036 omnibus
620 1971 678 2056 qui
700 1971 737 2034 in
759 1970 848 2035 dicte
862 1969 1053 2055 pestilentia
1067 1969 1155 2034 infra
1168 1971 1255 2057 ipsos
1278 1976 1345 2036 tres
1367 1993 1496 2036 menses

445 2073 589 2138 defuncti
626 2071 773 2137 fuissent.
836 2073 898 2136 Pro
936 2094 1002 2157 qua
1040 2072 1173 2157 quidem
1211 2073 1357 2138 sedanda
1380 2095 1493 2140 unam

445 2197 565 2241 novam
588 2176 720 2242 missam
750 2173 909 2252 instituit,
933 2180 1033 2260 atquc
1064 2175 1101 2239 in
1131 2175 1223 2240 curia
1250 2175 1400 2240 Romana
1422 2199 1496 2262 pro-

445 2279 604 2343 cessiones
626 2277 775 2342 solennes
797 2297 871 2341 cum
894 2276 980 2342 clero
1006 2283 1040 2342 et
1067 2277 1188 2363 populo
1211 2277 1400 2364 inproprie
1422 2299 1496 2364 per·

350 2437 351 2440 ,
444 2401 524 2445 sona
545 2379 630 2445 iecit.
678 2377 860 2465 Imaginem
885 2379 987 2443 etiam
1012 2385 1205 2464 argenteam
1231 2377 1493 2445 decentissimam

444 2481 480 2546 in
502 2481 625 2547 honore
648 2481 755 2546 beatae
784 2479 928 2566 Virginis
952 2481 1067 2546 Mariae
1098 2482 1179 2562 fieri,
1202 2487 1238 2546 et
1260 2482 1297 2546 in
1318 2481 1397 2568 ipsis
1420 2504 1495 2569 pro·

443 2583 641 2648 cessionibus
663 2581 863 2648 circumferri
893 2581 978 2660 fecit,
1001 2583 1104 2649 donec
1133 2583 1323 2670 pestilentia
1344 2585 1380 2648 in
1403 2586 1494 2650 curia

444 2685 570 2751 meritis
608 2685 715 2750 beatae
747 2684 894 2771 Virginis
926 2685 1122 2772 conquievit.
1183 2685 1234 2751 De
1271 2685 1345 2772 ipsa
1380 2692 1492 2752 autem

443 2787 632 2874 pestilentia
654 2787 766 2865 fertur,
789 2787 878 2872 quod
908 2787 1013 2872 primo
1043 2787 1078 2852 in
1105 2788 1330 2854 Saracenismo
1351 2789 1491 2854 nimium

441 2889 628 2976 ingruebat.
676 2889 774 2954 Unde
798 2889 970 2954 Sarraceni
1000 2889 1122 2955 residui
1153 2889 1260 2956 adhuc
1290 2892 1492 2978 superstites,

441 2999 611 3080 sperantes
633 2991 815 3056 vindictam
841 2991 904 3056 Dei
926 2991 961 3056 in
992 3013 1047 3057 eos
1077 2997 1211 3079 propter
1241 2992 1350 3082 fidem
1367 2993 1492 3060 Christi

442 3117 510 3160 non
542 3099 745 3180 assumptam
780 3093 948 3173 exarsisse,
982 3095 1018 3158 in
1050 3094 1219 3159 Christum
1258 3095 1388 3160 eredere
1425 3095 1493 3160 dis·

442 3198 617 3284 ponebant.
665 3197 739 3273 Sed,
762 3195 869 3282 primo
885 3195 993 3262 missis
1007 3195 1135 3262 nuntiis
1150 3195 1186 3260 in
1203 3195 1491 3264 Christianismum

443 3299 484 3364 ad
514 3300 741 3386 indagandum
775 3298 802 3362 si
838 3297 928 3364 dicta
959 3298 1150 3384 pestilentia
1182 3298 1306 3364 ibidem
1338 3299 1423 3366 sicut
1457 3307 1491 3366 et

442 3403 532 3467 iuter
554 3401 642 3487 ipsos
665 3400 814 3476 inolevit,
845 3407 879 3466 et
910 3401 992 3486 ipsis
1021 3399 1175 3486 regressis
1205 3406 1240 3466 et
1270 3401 1490 3487 pestilentiam

442 3503 625 3591 generalem
664 3503 699 3566 in
732 3501 984 3567 Christianismo
1016 3502 1101 3567 sicut
1133 3507 1168 3568 et
1199 3503 1235 3567 in
1266 3503 1490 3571 Smaceuismo

443 3603 721 3679 renuntiantibus,
753 3603 789 3666 in
826 3603 997 3670 Christum
1031 3605 1160 3670 credere
1191 3605 1314 3671 iterum
1348 3614 1492 3673 oontem-

443 3707 575 3772 nebant.
622 3705 673 3770 De
696 3703 771 3770 aliis
793 3711 904 3770 autem
919 3707 1047 3772 actibus
1069 3705 1173 3792 ipsius
1196 3705 1375 3774 Clementis
1397 3731 1490 3797 papae

445 3814 464 3876 6
489 3814 635 3894 tempore
657 3806 784 3871 domini
806 3807 965 3873 Willelmi
988 3808 1118 3874 abbatis
1141 3813 1255 3896 postea
1276 3810 1443 3878 referetur.

445 4055 523 4122 XII.
559 4057 608 4122 Dc
622 4055 802 4123 mersione
826 4057 912 4142 repis
934 4057 1075 4144 deplioe
1097 4059 1265 4128 Edwarda'
1279 4063 1323 4130 ia
1344 4085 1491 4152 regnum

530 4157 692 4224 Francia
704 4183 716 4238 ;
754 4165 784 4224 et
810 4157 849 4224 de
872 4160 1104 4246 assumptione
1126 4183 1306 4231 armornm
1329 4173 1359 4232 et
1380 4169 1493 4235 norni-

531 4261 591 4327 nr'a
613 4259 712 4344 repat
733 4261 893 4327 Francioe
915 4262 1087 4329 Eduardo
1109 4265 1182 4351 rapi
1196 4266 1344 4353 Amplior.

275 4429 343 4478 Λ-ὓ·
358 4435 429 4480 ¹³³⁹·
487 4423 572 4490 Cum
609 4427 720 4485 autem
759 4420 943 4487 Edwardus
981 4424 1098 4489 tertius
1135 4447 1195 4490 rex
1232 4427 1365 4515 Angliae
1402 4432 1491 4518 apud

273 4495 609 4614 fflffldfflAndwerp
642 4523 677 4586 in
715 4523 897 4587 Brabantia
923 4525 995 4610 jam
1026 4547 1085 4612 per
1120 4549 1255 4594 annum
1283 4537 1319 4595 et
1349 4533 1491 4619 amplius

274 4629 378 4679 Franco.

444 4632 665 4694 commoratus
702 4625 826 4703 fuisset,
865 4647 937 4690 curn
978 4631 1073 4704 2000
1111 4631 1247 4697 armatis
1277 4643 1311 4698 et
1348 4635 1489 4702 totidem

445 4730 627 4816 sagittariis
660 4727 784 4814 Ariglis,
810 4728 959 4814 potentia
989 4730 1086 4794 etiam
1120 4732 1348 4802 solidariorum
1380 4741 1490 4803 extra·
