3538 5860
514 887 714 942 wasemes
736 889 844 940 ABBAS
867 891 1057 944 messurus.
1238 880 1302 942 303

251 1069 332 1126 cions
349 1069 386 1126 de
403 1071 449 1126 len
468 1071 577 1130 dismas
595 1092 652 1146 pur
663 1075 800 1132 laffcrent
811 1077 864 1132 des
882 1076 943 1133 dite
960 1083 1055 1134 terres
1073 1083 1104 1134 et
1121 1076 1303 1149 possessione
1316 1074 1385 1130 AD.
1399 1082 1471 1128 1406.

250 1153 337 1210 issint
363 1172 517 1214 consumes
542 1163 572 1214 et
597 1165 709 1232 gastau,
741 1179 798 1232 pur
824 1161 869 1216 les
895 1161 955 1218 dits
982 1163 1059 1218 deux
1084 1181 1136 1218 ans
1165 1160 1250 1234 quint
1275 1165 1305 1216 et

250 1237 349 1305 sisme,
369 1239 450 1296 facea
475 1241 654 1314 descharger
679 1244 724 1299 len
751 1244 812 1300 dita
834 1245 907 1300 ebbe
926 1251 956 1302 et
973 1251 1087 1314 covent,
1109 1251 1139 1302 ct
1157 1249 1207 1302 ent
1225 1249 1304 1300 estre

252 1322 333 1392 quitz
351 1341 455 1380 envers
473 1344 547 1382 nous
565 1345 583 1382 a
600 1332 683 1383 notre
702 1327 747 1382 dit
765 1328 938 1400 eschequier
959 1331 1058 1387 solonc
1076 1329 1170 1386 leffcit
1189 1335 1219 1385 et
1235 1347 1305 1402 pur-

250 1411 320 1478 port
337 1407 373 1463 de
390 1414 474 1465 notre
492 1409 624 1482 pardoun
650 1409 791 1468 avantdit.
829 1413 912 1468 Done
931 1431 1000 1470 scuz
1018 1419 1101 1471 notre
1119 1415 1203 1487 privs
1228 1413 1302 1479 scal,

250 1508 269 1546 a
286 1490 502 1560 westminstre,
529 1495 558 1550 le
584 1495 685 1567 xxviij.
711 1496 780 1568 jour
799 1496 955 1564 Doctobre,
983 1499 1034 1555 lan
1052 1499 1089 1554 de
1108 1504 1193 1556 nobe
1211 1515 1304 1570 regne

252 1577 387 1648 cytisme.

298 1660 401 1748 Cujus
423 1685 499 1752 ergo
521 1663 631 1730 brevis
653 1670 822 1753 praetextu
843 1666 932 1732 fecta
953 1667 1020 1732 fuit
1034 1667 1130 1733 nobis
1152 1667 1304 1734 allocutio
1317 1676 1462 1728 Memoran-

251 1765 441 1852 portionum
477 1769 743 1834 concernentium
789 1770 1055 1856 consumptiones
1092 1771 1305 1868 supradictas,
1318 1745 1472 1863 ffissffie

252 1869 431 1935 secundum
472 1869 609 1937 formam
648 1871 799 1959 pristinae
847 1877 969 1940 nostra
1012 1873 1225 1954 allocutionis,
1269 1874 1306 1940 in

252 1971 358 2042 forma
380 1994 455 2058 quae
477 1973 636 2060 sequitur.

288 2073 325 2130 In
348 2092 455 2146 magno
480 2075 589 2132 Rutulo
617 2076 654 2132 de
679 2095 755 2134 auno
781 2081 862 2134 sexto
888 2077 970 2150 regis
996 2077 1121 2134 Henrici
1148 2079 1255 2152 quarti,
1275 2079 1307 2134 in

253 2157 325 2212 item
342 2158 517 2214 Eboracum.
555 2159 655 2216 Abbas
681 2161 717 2216 dc
742 2161 839 2216 Melea
861 2161 960 2216 reddit
986 2167 1152 2236 compotum
1176 2163 1212 2218 dc
1230 2163 1304 2236 xiiij.

252 2239 346 2307 libris,
372 2261 401 2298 v.
422 2243 534 2309 solidis,
559 2243 584 2316 j.
613 2243 742 2310 denario,
767 2245 938 2316 quadrante,
968 2247 1004 2301 dc
1028 2247 1124 2317 prima
1150 2247 1306 2302 medietate

252 2325 339 2381 unius
358 2327 480 2382 decimes
497 2327 564 2398 regi
582 2346 601 2382 a
618 2329 697 2384 clero
715 2329 909 2386 Eboracensis
926 2331 1094 2402 provincius,
1113 2329 1240 2386 secundo
1259 2332 1306 2387 dic

253 2409 345 2476 lunii,
374 2429 449 2467 anno
475 2411 578 2484 quinto
605 2430 761 2478 concessus,
781 2415 813 2469 in
838 2414 1077 2470 archidiaconatu
1103 2415 1304 2487 Estrigindisa

251 2511 306 2568 pro
324 2496 526 2568 spiritualibus
539 2501 567 2552 st
583 2498 795 2569 temporalibus
808 2498 870 2556 suis
881 2521 889 2566 ς
909 2505 939 2556 et
955 2499 1028 2570 xiiij.
1041 2499 1136 2567 libris,
1149 2519 1178 2557 v.
1192 2501 1304 2566 solidis,

249 2579 273 2650 j.
295 2579 421 2646 denario,
443 2580 614 2652 quadrante,
629 2581 666 2638 dc
683 2582 811 2638 secunde
829 2582 986 2640 medietate
1005 2583 1126 2640 decimes
1145 2584 1304 2656 predictae.

253 2663 375 2720 Summa
391 2663 492 2736 xxviij.
512 2665 605 2730 librae,
628 2683 655 2720 x.
683 2665 779 2732 solidi,
806 2666 838 2739 ij.
865 2667 987 2732 denarii,
1013 2668 1124 2724 obolus.
1164 2667 1223 2724 Sed
1248 2687 1307 2724 non

252 2745 338 2802 debet
355 2747 424 2804 inde
442 2749 622 2804 summoneri
639 2767 693 2821 per
716 2751 806 2806 breve
824 2750 905 2822 regis
924 2750 960 2805 de
978 2751 1094 2822 privato
1113 2749 1215 2822 sigillo
1233 2750 1307 2806 irro-

250 2831 378 2888 tulatum
395 2832 428 2886 in
451 2831 651 2889 Memorandis
676 2833 712 2888 ds
737 2851 813 2889 enno
832 2835 907 2906 viij„
927 2835 1051 2890 termino
1075 2834 1240 2898 Michaelis,
1260 2852 1306 2890 ro-

251 2915 314 2972 tulo
331 2917 400 2983 ix⁰.;
420 2917 453 2972 in
471 2933 529 2988 quo
542 2918 708 2974 continetur
721 2917 799 2988 quod
816 2935 879 2983 rex,
893 2917 982 2974 certis
995 2917 1031 2972 de
1044 2918 1141 2974 causis
1159 2917 1191 2972 in
1203 2917 1306 2974 codem

251 2999 437 3072 expressatis,
464 3000 637 3072 perdonavit
660 3002 783 3074 praelato
809 3001 908 3057 abbati
934 3001 1098 3074 portionem
1125 2999 1306 3058 decimarum

251 3085 318 3156 regi
335 3103 539 3140 concessarum
567 3086 651 3140 annis
677 3086 779 3156 quinto
803 3091 833 3140 et
861 3090 941 3141 sexto
965 3103 1020 3158 pro
1045 3085 1250 3156 spiritualibus
1276 3092 1306 3141 ct

252 3169 463 3240 temporalibus
476 3169 538 3224 suis
551 3168 728 3236 destructis;
749 3169 826 3224 sieut
834 3168 1000 3222 continetur
1012 3167 1044 3222 in
1061 3168 1144 3223 brevi
1154 3168 1303 3240 praedicto,

251 3257 282 3308 et
307 3253 339 3307 in
363 3253 561 3309 Memorandis
582 3271 617 3307 ex
634 3258 718 3325 parte
745 3251 992 3307 Rememoratoris
1010 3253 1092 3323 regis
1112 3251 1148 3307 de
1167 3270 1243 3307 enno
1261 3271 1305 3308 se-

251 3338 355 3404 cundo,
376 3339 502 3392 termino
528 3337 630 3393 Sancti
648 3337 779 3404 Hillsrii,
798 3336 896 3392 rotulo
921 3336 1003 3408 xvij0.
1041 3337 1082 3391 Et
1107 3337 1225 3409 quietus
1251 3343 1305 3392 est.

251 3422 350 3478 Abbas
369 3422 406 3478 de
424 3421 519 3478 Melea
535 3421 635 3478 reddit
652 3426 819 3493 compotum
836 3421 873 3476 de
890 3420 964 3491 xiiij.
989 3420 1084 3488 libris,
1103 3439 1132 3478 v.
1153 3421 1264 3487 solidis,
1281 3421 1304 3493 j.

251 3505 380 3572 denariO,
394 3506 565 3578 quadrante,
586 3505 623 3562 de
641 3505 769 3562 secunda
786 3505 943 3561 medietate
961 3506 1049 3562 unius
1067 3506 1189 3562 decimes
1204 3507 1270 3578 regi
1288 3525 1306 3562 a

252 3589 331 3645 clero
360 3589 553 3646 Eboracensis
580 3589 748 3662 provinciae,
786 3590 827 3662 xj.
857 3589 905 3644 die
931 3587 1102 3646 Decembris
1127 3609 1201 3646 anno
1225 3596 1306 3647 sexto

251 3691 405 3738 concessae,
433 3674 465 3728 in
488 3673 724 3729 archidiaconatu
748 3673 950 3744 Estridingiae,
969 3691 1022 3746 pro
1050 3675 1251 3746 spiritualibus
1277 3679 1308 3730 et

252 3755 462 3830 temporalibus
482 3757 563 3824 suis;
596 3758 673 3812 sicut
691 3757 856 3812 continetur
874 3756 906 3811 in
924 3761 1056 3828 compoto
1073 3758 1180 3829 prioris
1198 3765 1228 3814 et
1240 3777 1306 3814 con·

251 3847 356 3898 ventus
374 3842 411 3897 de
428 3840 559 3898 Wartria
576 3841 766 3896 collectorum
792 3839 958 3896 medietatis
983 3840 1146 3911 praedictae3
1176 3847 1206 3898 et
1231 3842 1305 3914 xiiij.

251 3925 346 3990 libris,
366 3943 395 3982 v.
416 3925 529 3992 solidis,
553 3925 577 3996 j.
597 3925 727 3991 denario,
759 3923 931 3996 quadrante,
961 3923 998 3980 dc
1028 3924 1125 3997 prima
1150 3925 1307 3982 medietate

252 4010 373 4066 decimes
391 4010 549 4082 praedictte.
588 4009 710 4066 Summa
727 4009 828 4080 xxviij.
848 4008 942 4072 libres,
965 4026 993 4064 x.
1015 4007 1110 4073 solidi,
1130 4008 1162 4082 ij.
1182 4009 1305 4078 denarii,

252 4094 364 4149 obolus.
403 4093 462 4150 Sed
479 4111 538 4149 non
565 4091 652 4148 debet
676 4091 745 4148 inde
772 4090 950 4148 summoneri
975 4109 1029 4164 per
1053 4091 1142 4150 breve
1165 4095 1246 4166 regis
1271 4095 1307 4149 de

251 4177 367 4249 privato
385 4177 567 4249 sigilla-ut
585 4195 682 4250 supra.
720 4177 760 4231 Et
778 4176 894 4247 quietus
912 4180 967 4231 est.

298 4262 388 4327 Dum
410 4262 481 4329 haec
510 4267 623 4327 tamen
655 4265 839 4349 agerentur,
865 4259 1024 4347 praefatus
1061 4260 1150 4347 prior
1178 4283 1307 4328 monas-
1320 4275 1375 4327 The
1386 4276 1454 4340 prior

251 4365 328 4431 terii
350 4365 455 4430 nostri
476 4385 556 4451 erge
587 4365 784 4451 praedictum
810 4362 1040 4428 cancellarium
1063 4365 1156 4452 regis,
1181 4342 1468 4460 Duncl-ffi'ffir·

251 4489 397 4533 mensem
428 4468 622 4555 episcopum,
646 4467 802 4532 obnixius
827 4465 1004 4532 insistebat
1026 4488 1086 4552 pro
1109 4467 1223 4532 charta
1249 4489 1306 4532 ex·
1319 4477 1451 4528 arorex-

252 4571 451 4638 oneraticnis
465 4574 633 4658 perpetuae
649 4569 848 4635 decimarum
871 4573 905 4634 et
920 4567 1139 4633 subsidiorum
1153 4589 1306 4654 quorum.
1319 4543 1455 4596 ΜΨ·

252 4695 391 4760 cumque
413 4674 483 4760 regi
509 4673 726 4760 imposterum
749 4671 1037 4748 comedendarum,
1067 4691 1126 4756 pro
1156 4671 1307 4758 portione

252 4777 538 4865 consumptionem
554 4775 828 4865 praescsiptm'um,
843 4773 973 4841 ratione
986 4772 1135 4861 praefatse
1149 4774 1238 4842 billae
1249 4777 1305 4843 do-
