3578 5874
385 960 388 970 ¹
470 898 672 948 wruurnuus
693 895 803 946 reuss
824 893 980 946 ocrsvus
1003 895 1163 944 oremus
1275 879 1336 941 mil

292 1070 547 1158 acquietandum
570 1075 605 1138 ct
626 1071 869 1138 defendendum
902 1071 1032 1137 eosdem
1059 1093 1157 1158 super
1179 1069 1341 1135 solutione
1352 1079 1421 1129 Ab.
1436 1081 1499 1130 1372

293 1175 482 1261 hujusmodi
506 1177 548 1239 20
571 1174 760 1254 solidorum,
775 1196 833 1261 pro
858 1174 996 1260 singulis
1018 1173 1094 1240 xvi.
1119 1173 1208 1238 dicto
1230 1193 1340 1236 mene-
1353 1151 1444 1198 '¹³⁹⁶'

294 1276 343 1342 rio
377 1277 423 1342 sic
455 1277 628 1364 impositis,
665 1276 846 1342 instantius
884 1276 1105 1361 requirebant.
1152 1275 1218 1341 Sed
1248 1272 1344 1338 nobis

294 1379 566 1467 respondentibus
588 1377 776 1464 hujusmodi
798 1379 842 1444 20
864 1379 983 1445 solidos
1017 1401 1100 1445 onus
1121 1379 1221 1444 misse
1244 1375 1345 1441 cotal-

295 1485 404 1550 lorum
425 1484 508 1550 dicti
529 1484 668 1549 manerii
700 1489 735 1550 et
765 1506 833 1550 non
866 1483 928 1550 soli
960 1483 1115 1570 ejusdem,
1147 1482 1278 1569 illisque
1307 1481 1345 1545 in

295 1585 514 1652 solutionibus
544 1586 649 1653 firmas
677 1586 758 1653 dicti
791 1586 930 1652 manerii
951 1586 1141 1673 hujusmodi
1165 1583 1344 1650 ausonios

295 1687 547 1770 retrahentibus,
569 1695 605 1755 et
626 1689 722 1755 nobis
752 1693 885 1754 econtra
921 1711 979 1776 por
1012 1689 1121 1754 varios
1152 1687 1279 1752 labores
1310 1689 1345 1750 et

296 1811 454 1878 expensos
477 1791 700 1858 districtiones
730 1790 860 1856 crebras
890 1791 927 1854 in
964 1791 1078 1858 codem
1100 1790 1245 1856 manerio
1268 1788 1347 1853 inde

296 1893 510 1980 capientibus,
544 1915 583 1959 ao
619 1893 700 1960 litel
731 1893 808 1960 hinc
831 1899 866 1960 et
902 1892 981 1958 inde
1011 1897 1182 1972 commota,
1206 1890 1346 1956 materia

298 1997 403 2062 oritur
426 1995 626 2082 quaestionis.
673 1995 726 2074 Et,
759 2017 834 2061 cum
868 2017 945 2083 ergo
968 2018 1066 2082 super
1087 1997 1149 2061 hoc
1173 1993 1345 2061 consilium

299 2104 509 2184 queereretur,
549 2099 736 2164 consultum
772 2103 822 2163 esi
852 2099 894 2163 ab
917 2097 1070 2168 omnibus
1099 2098 1185 2163 inire
1215 2117 1345 2163 concor-
1359 2101 1488 2151 Termsoi

301 2200 390 2265 nam
412 2201 450 2264 in
464 2201 648 2287 promissis.
709 2201 808 2266 usos
823 2198 1060 2288 singularias-²
1081 2200 1171 2266 mess
1192 2197 1347 2264 abusam
1360 2176 1511 2234 ’ΜΘΝ-

300 2307 449 2368 nostrum
471 2313 506 2368 et
526 2303 702 2390 praefatum
724 2303 880 2368 abbatam
910 2303 951 2368 dc
981 2302 1179 2369 Wellehowe
1207 2309 1242 2368 et
1264 2299 1347 2364 ami-

301 2403 472 2471 cabiliter³
501 2405 610 2470 fuerat
643 2405 885 2484 concordatum,
921 2405 1017 2492 quod,
1043 2427 1122 2471 cum
1156 2405 1220 2491 ipsi
1246 2403 1349 2469 abbas

302 2513 338 2574 et
359 2513 542 2573 conventus
565 2509 606 2574 de
629 2507 831 2574 Wellehowe
853 2508 949 2574 nobis
972 2509 1146 2574 annuatim
1165 2511 1205 2574 31
1223 2527 1349 2571 marcas

302 2610 471 2696 predicto
493 2612 640 2676 manerio
663 2633 737 2676 cum
759 2611 969 2698 pertinentiis
995 2611 1039 2676 ad
1064 2617 1169 2677 certos
1191 2609 1350 2676 terminos

302 2711 427 2778 solvere
465 2711 680 2792 tenerentur,⁴
714 2719 748 2778 et
781 2735 841 2779 nos
875 2712 1005 2778 eaedem
1038 2717 1078 2780 31
1104 2735 1228 2780 marcas
1261 2711 1350 2799 apud

304 2814 491 2901 Grymesby
512 2837 570 2880 scu
592 2815 828 2881 monasterium
851 2815 970 2881 suuml
999 2815 1043 2880 ad
1065 2817 1169 2882 dictos
1190 2816 1350 2882 terminos

304 2939 447 3004 quaerere
470 2917 670 2995 deberemus,
691 2917 772 2983 dicti
794 2917 897 2983 obbas
919 2923 954 2984 et
977 2917 1148 2984 canonici⁶
1170 2918 1210 2983 de
1233 2917 1351 2983 Wellc-

304 3019 397 3086 boue
420 3019 485 3085 sibi
507 3041 606 3086 unam
636 3041 779 3086 marcam
807 3020 847 3085 de
871 3020 961 3086 dicta
976 3020 1071 3084 firma
1090 3025 1205 3085 nostra
1226 3021 1348 3085 retine-

305 3128 380 3188 rent
417 3122 601 3203 annuatim,
638 3121 853 3208 subirentquc
887 3127 921 3187 et
955 3121 1211 3209 supportarent⁷
1246 3122 1351 3188 omni·

306 3223 404 3290 moda
426 3225 561 3290 servitia
583 3229 617 3290 et
648 3245 749 3289 onera
779 3223 868 3289 dicto
903 3223 1050 3289 manerio
1076 3245 1150 3289 cum
1184 3225 1351 3310 pertinen·

306 3326 364 3391 tiis
387 3325 659 3413 qualitercunque
689 3325 922 3406 incumbentia,
954 3348 1009 3391 eeu
1049 3347 1107 3413 per
1140 3347 1351 3413 quoscunque

307 3427 553 3514 quomodolibet
563 3428 719 3515 imposita
733 3450 789 3494 seu
806 3428 1012 3515 imponenda
1052 3428 1228 3495 Solverent
1241 3430 1352 3508 etiam,

307 3530 491 3617 sumptibus
525 3531 592 3596 suis
628 3531 777 3618 propriis,
811 3532 901 3618 apud
934 3531 1170 3598 monasterium
1203 3533 1384 3598 nostrumf·
1397 3533 1478 3586 12⁵⁶·

307 3635 348 3700 de
372 3633 483 3715 Melea,
506 3636 549 3700 30
572 3655 697 3700 marcas
719 3635 761 3700 de
785 3633 920 3700 redditu
943 3634 1108 3720 praedicto,
1133 3634 1177 3700 ad
1194 3635 1353 3700 terminos

308 3737 457 3824 perprius
486 3735 654 3804 limitatos.
716 3737 770 3816 Et,
792 3759 853 3824 pro
887 3734 1015 3802 delectu
1048 3737 1146 3803 dictae
1180 3736 1355 3802 solutionis

308 3840 395 3906 infra
419 3843 461 3906 16
484 3838 555 3905 dies
577 3837 665 3926 apud
683 3839 918 3906 monasterium
934 3838 1109 3906 nostrum⁸
1131 3843 1206 3924 post
1226 3838 1355 3925 lapsum

832 4121 834 4142 =
856 4106 938 4155 lorum
949 4113 973 4154 et
989 4119 1041 4154 non
1058 4104 1165 4155 manmii
1182 4105 1356 4170 respondenti-

832 4150 835 4260 l
854 4184 911 4244 bus,
922 4189 948 4233 et
959 4182 1013 4244 lite,
1024 4183 1054 4232 P.

888 4261 899 4292 ²
916 4259 1088 4330 dnyoloriter]
1107 4262 1281 4324 amicabiliter,
1292 4262 1321 4314 P.

888 4339 899 4372 ³
917 4347 940 4390 ct
951 4339 1125 4408 amicabiliter]
1145 4342 1258 4408 wanting
1269 4341 1296 4390 in
1309 4341 1337 4393 P.

889 4423 900 4453 ⁴
918 4423 1069 4492 tenerentur]
1088 4433 1226 4486 teneantur,
1237 4425 1266 4474 P.

890 4501 900 4534 ⁵
917 4502 987 4568 apud
1003 4541 1008 4553 .
1027 4541 1034 4554 .
1051 4503 1134 4568 suum]
1154 4502 1267 4568 waning
1278 4503 1305 4551 in
1316 4503 1345 4553 P.

345 4133 812 4202 ¹eoquod.....oclite]asee-

313 4225 396 4268 rentes
414 4231 508 4282 regem,
527 4231 573 4267 scu
583 4225 646 4266 xvc.
661 4215 815 4276 collectores,

313 4293 340 4347 ln
353 4295 465 4362 qudibet
480 4304 533 4347 xm.
543 4311 606 4346 onus
624 4294 813 4353 comicorum,

313 4377 418 4442 siplura
428 4376 469 4427 vel
486 4375 605 4440 pauciora
623 4374 651 4425 in
669 4389 700 4425 eo
717 4379 814 4438 reperis

313 4457 407 4508 fuerint
417 4455 543 4518 animalis,
555 4455 623 4506 dicto
639 4453 751 4504 manerio
767 4453 814 4503 im-

313 4535 433 4602 posuisse.
467 4537 508 4587 De
522 4535 614 4600 quibus
631 4540 663 4584 20
674 4532 762 4584 solidis
778 4532 814 4582 sic

313 4615 363 4680 ipsi
380 4613 491 4666 mmerio
507 4613 641 4680 impositis,
651 4625 698 4664 noe
714 4627 757 4663 eos
774 4625 815 4662 ac

313 4693 423 4760 quietare
434 4700 583 4748 teneremur.
613 4690 814 4756 Scdnobisipeos

314 4778 347 4826 2⁰
359 4773 453 4826 solidor
469 4787 516 4840 pro
532 4781 587 4825 xm.
595 4786 661 4824 onus
673 4785 728 4824 cese
738 4770 815 4824 catal·

891 4583 1040 4648 ioonom'or]
1059 4587 1205 4642 conventus,
1216 4581 1246 4632 P.

890 4660 958 4714 leiti
968 4698 975 4712 .
984 4699 991 4713 .
999 4661 1189 4728 supportarent]
1199 4659 1317 4723 subirent,
1326 4661 1355 4713 P.

857 4739 902 4872 1³⁸
920 4741 1088 4794 sommium
1103 4739 1222 4810 noscam]
1241 4737 1358 4804 Meleon,
