3538 5860
345 897 349 906 '
421 909 622 960 1111116166
644 907 838 960 1111661116
860 909 968 960 mess
990 909 1184 962 vrcnsnrus.
1259 895 1322 958 281

278 1081 358 1172 ipsae
380 1087 477 1152 terrae
500 1090 547 1162 61Ι
553 1084 772 1172 posseaiones
803 1081 840 1149 in
865 1083 956 1150 villis
989 1084 1188 1173 praescriptis
1209 1084 1247 1150 in
1269 1083 1492 1149 16661166

278 1191 399 1252 canatu
431 1186 471 1252 de
507 1185 736 1267 Holdemesse,
767 1207 827 1274 pro
852 1186 974 1273 quibus
1003 1187 1103 1254 dictae
1124 1199 1198 1254 xm.
1221 1187 1323 1265 librae,

279 1288 311 1375 ij.
334 1288 437 1369 solidi,
460 1311 491 1354 x.
515 1287 641 1354 denarii
663 1293 699 1354 61
721 1288 846 1368 obolus,
867 1288 1000 1356 fuerant
1021 1291 1137 1371 exacti,
1161 1311 1220 1378 per
1240 1289 1324 1354 allu-

278 1390 393 1456 siones
423 1390 537 1478 magni
571 1391 670 1456 maris
703 1395 738 1457 et
771 1412 866 1477 aquae
903 1390 1078 1458 Humbrias
1114 1413 1151 1458 ac
1184 1392 1324 1457 aliorum

279 1493 456 1558 fluviorum
478 1493 515 1558 in
537 1492 757 1560 Holdernasse
779 1497 923 1560 vastatae
952 1499 1032 1559 sunt
1057 1495 1189 1581 penitus
1211 1500 1246 1560 et
1269 1494 1325 1560 de-

282 1599 425 1662 structae
471 1595 517 1660 Et
543 1595 605 1660 hoc
627 1599 763 1682 paratus
785 1601 836 1662 est
858 1595 1118 1676 verificare-et
1140 1601 1258 1686 catera
1271 1620 1326 1662 :-

280 1701 381 1785 prout
402 1719 508 1786 nuper
530 1697 717 1763 collectores
739 1695 929 1764 medietatis
951 1697 1085 1764 decimae
1101 1697 1268 1786 praedictae
1289 1699 1327 1764 in

280 1799 548 1866 archidiaconatu
581 1799 796 1887 Fstridingiae
827 1821 887 1887 per
920 1799 1095 1885 quamdam
1134 1801 1326 1887 petitionem

280 1925 378 1990 super
399 1907 588 1990 compotum
611 1923 707 1966 suum
741 1903 782 1967 de
806 1901 920 1967 eadem
942 1901 1120 1968 medietate
1142 1902 1327 1968 exhibitam

281 2005 474 2094 allegarunt.
520 2003 621 2070 Unde
644 2004 754 2070 dictus
775 2004 879 2070 abbas
900 2009 1017 2070 noster
1042 2026 1100 2092 per
1122 2009 1356 2071 attornatums.
1371 2025 1426 2072 166.

280 2131 378 2174 suum
399 2107 642 2173 instantissime
665 2107 763 2194 petiit
784 2105 885 2172 breve
906 2107 1034 2194 regium
1057 2107 1148 2174 dicto
1169 2108 1329 2197 archiepi-

281 2232 377 2299 scopo
400 2211 619 2299 dirigendum,
649 2210 751 2296 juxta
781 2208 921 2274 formam
954 2209 1170 2276 concessionis
1200 2233 1327 2298 praeno-

282 2318 371 2392 tatae,
403 2312 447 2377 ad
475 2311 726 2378 certificandum
759 2312 858 2378 cnriae
887 2333 987 2399 super
1014 2312 1263 2401 consumptione
1293 2317 1328 2380 et

281 2415 500 2482 inundatione
523 2412 720 2500 supradictis
741 2435 801 2500 pro
824 2413 1057 2480 exoneratione
1071 2415 1177 2480 nostri
1199 2437 1329 2482 monas·

282 2517 359 2584 terii
381 2517 417 2582 in
439 2516 500 2582 bac
522 2521 614 2603 parte
640 2515 801 2596 habenda,
830 2521 866 2582 et
892 2531 1018 2585 caetera
1064 2517 1110 2584 nt
1135 2540 1234 2606 super
1266 2519 1328 2585 hoc

283 2621 439 2690 scrutatis
468 2619 675 2700 rotulis-ot
704 2625 1078 2707 caetera—compertum
1101 2622 1210 2687 estin
1238 2621 1327 2688 dicto
1339 2628 1406 2680 Wn't
1416 2637 1443 2679 to
1451 2630 1493 2680 the

283 2724 601 2802 aedificatoria-et
637 2721 1001 2800 caetera-medietatis
1031 2723 1166 2790 decimae
1197 2724 1238 2790 de
1261 2695 1494 2814 suisgissffihffi'

282 2825 510 2914 spiritualibus
541 2831 576 2890 et
607 2823 853 2910 temporalibus,
875 2826 972 2891 terris
1004 2831 1039 2892 61
1073 2827 1328 2912 possessionibus
1340 2828 1464 2908 melre-in-

283 2951 341 3017 per
361 2927 595 2994 inundationes
618 2926 716 2992 maris
738 2931 773 2992 et
796 2926 972 2994 Humbriae
994 2934 1029 2994 et
1051 2904 1465 2996 61161661116116-(Ῑωωῃοῶ

283 3053 357 3097 rum
378 3031 417 3096 in
440 3029 659 3096 Holdernesse
693 3033 728 3094 61
761 3029 977 3109 Merschland,
1000 3031 1045 3096 ad
1067 3031 1192 3097 dictum
1224 3033 1329 3098 archi-

283 3134 479 3222 episcopum,
495 3132 538 3198 ad
552 3130 751 3196 monasteria
773 3129 904 3198 Sanctae
920 3132 1036 3199 Mariae
1052 3129 1198 3214 Eboraci,
1215 3135 1328 3201 Sancti

284 3236 440 3302 Germani
461 3236 502 3300 de
525 3233 634 3321 Selby,
657 3232 788 3300 Sanctae
800 3233 916 3299 Mariae
934 3234 975 3299 de
996 3234 1108 3313 Melae,
1131 3242 1167 3301 et
1188 3235 1254 3302 alia
1273 3239 1329 3324 pia

283 3339 354 3417 loca
387 3338 457 3404 sive
491 3337 639 3424 privatas
661 3357 815 3423 personas
838 3337 1071 3403 ecclesiasticas
1094 3339 1327 3424 spectantibus,

283 3439 484 3526 consumptis
513 3439 676 3524 exceptis;
712 3459 809 3524 super
841 3443 875 3503 61
909 3439 950 3504 de
983 3461 1049 3526 qua
1081 3442 1328 3528 consumptione

284 3565 342 3630 per
364 3541 535 3608 dominum
558 3541 793 3606 Eboracensem
817 3541 1093 3630 archiepiscopum
1116 3543 1328 3630 saepedictum

285 3646 450 3712 duntaxat
482 3641 714 3729 inquireretur,
747 3641 959 3730 ejusdemque
992 3644 1260 3713 determinationi
1294 3653 1329 3714 61

284 3745 512 3813 certificatorio
545 3764 603 3832 per
636 3743 748 3809 omnia
778 3745 975 3826 crederetur,
1009 3748 1133 3835 absque
1162 3749 1258 3836 pluri,
1289 3757 1330 3816 ut

284 3849 464 3936 praefertur.
505 3845 634 3927 Quibus
648 3845 694 3912 sic
709 3847 893 3933 compertis,
912 3850 1145 3916 concordatum
1165 3857 1225 3932 est,
1241 3853 1329 3940 quod

285 3951 498 4017 mandaretur
531 3948 690 4035 proedicto
732 3947 866 4014 domino
901 3950 1041 4042 Ricardo
1073 3951 1194 4041 Scrope
1226 3956 1331 4022 archi·

284 4055 433 4140 episcopo
467 4049 674 4129 Eboracensi,
709 4071 767 4136 per
797 4050 898 4116 breve
935 4050 996 4118 sub
1033 4052 1141 4140 sigillo
1178 4059 1329 4124 muscarii

285 4157 368 4222 dicti
399 4153 527 4220 domini
558 4150 666 4240 regis,1
689 4152 778 4238 quod
810 4152 989 4240 diligenter
1014 4153 1198 4242 inquireret
1232 4181 1330 4247 super

284 4255 589 4344 consumptionibus
610 4254 811 4341 praescriptis
834 4259 868 4321 et
890 4255 1009 4320 annuis
1023 4258 1190 4326 valoribus
1213 4284 1329 4328 eorun-

284 4361 368 4439 dem,
391 4359 477 4424 infra
499 4379 581 4446 quus
601 4356 697 4422 villas
719 4357 902 4436 extiterint,
925 4357 1024 4424 etad
1047 4381 1144 4446 quam
1167 4384 1328 4429 summam

285 4464 411 4530 decima
441 4461 620 4527 earundem
651 4465 814 4524 terrarum
849 4465 884 4526 et
915 4463 1155 4548 possessionum
1186 4467 1329 4531 6166611-
1427 4545 1429 4550 Ι

285 4571 490 4653 sumptorum
524 4585 558 4630 se
589 4561 799 4644 extendebat,
822 4561 928 4629 dictos
950 4563 1190 4631 thesaurarium
1213 4569 1328 4634 6116-

284 4690 379 4736 rones
412 4668 449 4734 in
482 4665 641 4734 scaccario
672 4662 758 4743 inde,
782 4686 818 4730 uc
840 4664 881 4730 de
903 4671 976 4732 toto
998 4667 1086 4732 sacto
1107 4690 1167 4734 suo
1189 4670 1225 4736 in
1247 4693 1328 4758 prae·

289 4819 505 4830 ..νυ-...ῃ
516 4819 552 4824 -.
570 4817 683 4824 -....-
1070 4819 1121 4826 --,
1150 4821 1287 4832 ,ἢ
1302 4805 1324 4833 ...'

490 4892 497 4925 ¹
517 4891 571 4944 Thr
584 4891 639 4944 writ
649 4891 672 4943 is
682 4889 775 4946 recitrd
786 4896 812 4941 at
823 4889 910 4956 length
921 4889 948 4942 in
959 4891 997 4953 u,
1009 4893 1025 4946 1.
1042 4893 1117 4946 1371.
