<?xml version="1.0" encoding="UTF-8"?>
<!DOCTYPE html PUBLIC "-//W3C//DTD XHTML 1.0 Transitional//EN"
    "http://www.w3.org/TR/xhtml1/DTD/xhtml1-transitional.dtd">
<html xmlns="http://www.w3.org/1999/xhtml" xml:lang="en" lang="en">
 <head>
  <title>
</title>
<meta http-equiv="Content-Type" content="text/html;charset=utf-8" />
  <meta name='ocr-system' content='tesseract 3.04.00' />
  <meta name='ocr-capabilities' content='ocr_page ocr_carea ocr_par ocr_line ocrx_word'/>
</head>
<body>
  <div class='ocr_page' id='page_1' title='image "./chronicamonaste01thomgoog_0358.png"; bbox 0 0 3578 5874; ppageno 0'>
   <div class='ocr_carea' id='block_1_1' title="bbox 455 877 1269 942">
    <p class='ocr_par' dir='ltr' id='par_1_1' title="bbox 455 877 1269 942">
     <span class='ocr_line' id='line_1_1' title="bbox 455 877 1269 942; baseline 0.004 -3"><span class='ocrx_word' id='word_1_1' title='bbox 455 877 520 940; x_wconf 80' lang='lat'>248</span> <span class='ocrx_word' id='word_1_2' title='bbox 676 889 816 940; x_wconf 77' lang='lat' dir='ltr'>rnouss</span> <span class='ocrx_word' id='word_1_3' title='bbox 837 889 947 940; x_wconf 73' lang='lat' dir='ltr'>annus</span> <span class='ocrx_word' id='word_1_4' title='bbox 969 889 1087 939; x_wconf 82' lang='lat' dir='ltr'>nouus</span> <span class='ocrx_word' id='word_1_5' title='bbox 1107 889 1269 942; x_wconf 77' lang='lat' dir='ltr'>nncmus</span> 
     </span>
    </p>
   </div>
   <div class='ocr_carea' id='block_1_2' title="bbox 287 1063 1514 3404">
    <p class='ocr_par' dir='ltr' id='par_1_2' title="bbox 287 1063 1514 3404">
     <span class='ocr_line' id='line_1_2' title="bbox 287 1063 1500 1152; baseline -0.001 -24"><span class='ocrx_word' id='word_1_6' title='bbox 287 1077 357 1128; x_wconf 59' lang='grc' dir='ltr'>ΔΑ).</span> <span class='ocrx_word' id='word_1_7' title='bbox 371 1083 435 1128; x_wconf 81' lang='lat' dir='ltr'>raso</span> <span class='ocrx_word' id='word_1_8' title='bbox 456 1065 596 1130; x_wconf 87' lang='lat' dir='ltr'>tualium</span> <span class='ocrx_word' id='word_1_9' title='bbox 634 1087 733 1152; x_wconf 87' lang='lat' dir='ltr'>quam</span> <span class='ocrx_word' id='word_1_10' title='bbox 770 1063 1008 1152; x_wconf 65' lang='lat' dir='ltr'><strong>temporalium,</strong></span> <span class='ocrx_word' id='word_1_11' title='bbox 1039 1064 1316 1151; x_wconf 85' lang='lat' dir='ltr'>praescriptornm,</span> <span class='ocrx_word' id='word_1_12' title='bbox 1350 1086 1388 1130; x_wconf 89' lang='lat' dir='ltr'>ao</span> <span class='ocrx_word' id='word_1_13' title='bbox 1425 1084 1500 1130; x_wconf 88' lang='lat' dir='ltr'>oon-</span> 
     </span>
     <span class='ocr_line' id='line_1_3' title="bbox 287 1150 1502 1253; baseline 0 -20"><span class='ocrx_word' id='word_1_14' title='bbox 287 1150 379 1196; x_wconf 82' lang='lat'>&#39;¹³⁹⁹&#39;</span> <span class='ocrx_word' id='word_1_15' title='bbox 456 1168 561 1233; x_wconf 89' lang='lat' dir='ltr'>tinnis</span> <span class='ocrx_word' id='word_1_16' title='bbox 592 1167 812 1234; x_wconf 76' lang='lat' dir='ltr'>solutionibus</span> <span class='ocrx_word' id='word_1_17' title='bbox 834 1167 1036 1233; x_wconf 86' lang='lat' dir='ltr'>decimarum</span> <span class='ocrx_word' id='word_1_18' title='bbox 1067 1188 1127 1253; x_wconf 91' lang='lat' dir='ltr'>pro</span> <span class='ocrx_word' id='word_1_19' title='bbox 1153 1167 1284 1245; x_wconf 86' lang='lat' dir='ltr'>eisdem,</span> <span class='ocrx_word' id='word_1_20' title='bbox 1307 1189 1436 1233; x_wconf 81' lang='lat' dir='ltr'>necnon</span> <span class='ocrx_word' id='word_1_21' title='bbox 1468 1173 1502 1233; x_wconf 90' lang='lat' dir='ltr'>et</span> 
     </span>
     <span class='ocr_line' id='line_1_4' title="bbox 288 1269 1503 1335; baseline 0 -1"><span class='ocrx_word' id='word_1_22' title='bbox 288 1274 305 1326; x_wconf 81' lang='lat' dir='ltr'>f.</span> <span class='ocrx_word' id='word_1_23' title='bbox 320 1275 402 1327; x_wconf 79' lang='lat' dir='ltr'>¹60t·</span> <span class='ocrx_word' id='word_1_24' title='bbox 457 1271 530 1334; x_wconf 88' lang='lat' dir='ltr'>aliis</span> <span class='ocrx_word' id='word_1_25' title='bbox 563 1269 666 1334; x_wconf 85' lang='lat' dir='ltr'>variis</span> <span class='ocrx_word' id='word_1_26' title='bbox 699 1269 945 1335; x_wconf 69' lang='lat' dir='ltr'>calamitatibus</span> <span class='ocrx_word' id='word_1_27' title='bbox 977 1275 1012 1334; x_wconf 84' lang='lat' dir='ltr'>et</span> <span class='ocrx_word' id='word_1_28' title='bbox 1046 1269 1260 1335; x_wconf 88' lang='lat' dir='ltr'>incommodis</span> <span class='ocrx_word' id='word_1_29' title='bbox 1282 1270 1360 1335; x_wconf 89' lang='lat' dir='ltr'>inde</span> <span class='ocrx_word' id='word_1_30' title='bbox 1391 1269 1503 1334; x_wconf 87' lang='lat' dir='ltr'>subse·</span> 
     </span>
     <span class='ocr_line' id='line_1_5' title="bbox 457 1371 1503 1459; baseline -0.001 -22"><span class='ocrx_word' id='word_1_31' title='bbox 457 1371 550 1450; x_wconf 91' lang='lat' dir='ltr'>cutis,</span> <span class='ocrx_word' id='word_1_32' title='bbox 575 1373 655 1437; x_wconf 87' lang='lat' dir='ltr'>satis</span> <span class='ocrx_word' id='word_1_33' title='bbox 688 1372 870 1450; x_wconf 78' lang='lat' dir='ltr'>constabat,</span> <span class='ocrx_word' id='word_1_34' title='bbox 892 1393 960 1438; x_wconf 92' lang='lat' dir='ltr'>non</span> <span class='ocrx_word' id='word_1_35' title='bbox 991 1371 1099 1437; x_wconf 90' lang='lat' dir='ltr'>solum</span> <span class='ocrx_word' id='word_1_36' title='bbox 1132 1373 1340 1459; x_wconf 77' lang='lat' dir='ltr'>exceptiones</span> <span class='ocrx_word' id='word_1_37' title='bbox 1373 1377 1503 1437; x_wconf 85' lang='lat' dir='ltr'>nostras</span> 
     </span>
     <span class='ocr_line' id='line_1_6' title="bbox 456 1473 1502 1562; baseline 0.002 -24"><span class='ocrx_word' id='word_1_38' title='bbox 456 1475 637 1561; x_wconf 81' lang='lat' dir='ltr'>propositae</span> <span class='ocrx_word' id='word_1_39' title='bbox 659 1473 890 1553; x_wconf 81' lang='lat' dir='ltr'>admittebant,</span> <span class='ocrx_word' id='word_1_40' title='bbox 915 1474 973 1538; x_wconf 93' lang='lat' dir='ltr'>sed</span> <span class='ocrx_word' id='word_1_41' title='bbox 1002 1479 1037 1539; x_wconf 90' lang='lat' dir='ltr'>et</span> <span class='ocrx_word' id='word_1_42' title='bbox 1067 1474 1325 1562; x_wconf 79' lang='lat' dir='ltr'>archiepiscopus</span> <span class='ocrx_word' id='word_1_43' title='bbox 1350 1475 1420 1562; x_wconf 88' lang='lat' dir='ltr'>ipse</span> <span class='ocrx_word' id='word_1_44' title='bbox 1442 1479 1502 1540; x_wconf 86' lang='lat' dir='ltr'>aut</span> 
     </span>
     <span class='ocr_line' id='line_1_7' title="bbox 456 1575 1501 1662; baseline -0.001 -21"><span class='ocrx_word' id='word_1_45' title='bbox 456 1577 507 1641; x_wconf 88' lang='lat' dir='ltr'>sui</span> <span class='ocrx_word' id='word_1_46' title='bbox 529 1575 750 1656; x_wconf 88' lang='lat' dir='ltr'>commissarii,</span> <span class='ocrx_word' id='word_1_47' title='bbox 774 1575 975 1662; x_wconf 82' lang='lat' dir='ltr'>abbatesque</span> <span class='ocrx_word' id='word_1_48' title='bbox 1006 1576 1137 1643; x_wconf 84' lang='lat' dir='ltr'>Sanotae</span> <span class='ocrx_word' id='word_1_49' title='bbox 1161 1577 1277 1643; x_wconf 82' lang='lat' dir='ltr'>Mariae</span> <span class='ocrx_word' id='word_1_50' title='bbox 1304 1577 1444 1643; x_wconf 85' lang='lat' dir='ltr'>Eboraci</span> <span class='ocrx_word' id='word_1_51' title='bbox 1466 1581 1501 1641; x_wconf 99' lang='grc' dir='ltr'><strong>εὴ</strong></span> 
     </span>
     <span class='ocr_line' id='line_1_8' title="bbox 456 1677 1503 1766; baseline 0.001 -21"><span class='ocrx_word' id='word_1_52' title='bbox 456 1677 573 1745; x_wconf 86' lang='lat' dir='ltr'>Sancti</span> <span class='ocrx_word' id='word_1_53' title='bbox 605 1678 762 1744; x_wconf 85' lang='lat' dir='ltr'>Germani</span> <span class='ocrx_word' id='word_1_54' title='bbox 795 1678 835 1744; x_wconf 90' lang='lat' dir='ltr'>de</span> <span class='ocrx_word' id='word_1_55' title='bbox 869 1678 971 1764; x_wconf 83' lang='lat' dir='ltr'>Selby</span> <span class='ocrx_word' id='word_1_56' title='bbox 997 1684 1033 1744; x_wconf 91' lang='lat' dir='ltr'>et</span> <span class='ocrx_word' id='word_1_57' title='bbox 1065 1679 1131 1760; x_wconf 89' lang='lat' dir='ltr'>alii,</span> <span class='ocrx_word' id='word_1_58' title='bbox 1172 1685 1278 1745; x_wconf 85' lang='lat' dir='ltr'>terras</span> <span class='ocrx_word' id='word_1_59' title='bbox 1311 1685 1347 1745; x_wconf 88' lang='lat' dir='ltr'>et</span> <span class='ocrx_word' id='word_1_60' title='bbox 1380 1701 1503 1766; x_wconf 85' lang='lat' dir='ltr'>posses-</span> 
     </span>
     <span class='ocr_line' id='line_1_9' title="bbox 456 1780 1502 1870; baseline 0.002 -25"><span class='ocrx_word' id='word_1_61' title='bbox 456 1781 564 1846; x_wconf 88' lang='lat' dir='ltr'>siones</span> <span class='ocrx_word' id='word_1_62' title='bbox 587 1801 662 1844; x_wconf 89' lang='lat' dir='ltr'>suas</span> <span class='ocrx_word' id='word_1_63' title='bbox 685 1801 743 1866; x_wconf 91' lang='lat' dir='ltr'>per</span> <span class='ocrx_word' id='word_1_64' title='bbox 765 1780 1000 1846; x_wconf 87' lang='lat' dir='ltr'>inundationes</span> <span class='ocrx_word' id='word_1_65' title='bbox 1023 1781 1132 1860; x_wconf 85' lang='lat' dir='ltr'>maris,</span> <span class='ocrx_word' id='word_1_66' title='bbox 1155 1781 1254 1848; x_wconf 81' lang='lat' dir='ltr'>dictae</span> <span class='ocrx_word' id='word_1_67' title='bbox 1276 1805 1371 1870; x_wconf 86' lang='lat' dir='ltr'>aquae</span> <span class='ocrx_word' id='word_1_68' title='bbox 1395 1782 1502 1847; x_wconf 92' lang='lat' dir='ltr'>Hum-</span> 
     </span>
     <span class='ocr_line' id='line_1_10' title="bbox 456 1883 1502 1972; baseline 0 -22"><span class='ocrx_word' id='word_1_69' title='bbox 456 1883 545 1959; x_wconf 82' lang='lat' dir='ltr'>briae,</span> <span class='ocrx_word' id='word_1_70' title='bbox 568 1887 602 1972; x_wconf 81' lang='lat' dir='ltr'>et</span> <span class='ocrx_word' id='word_1_71' title='bbox 636 1883 775 1948; x_wconf 88' lang='lat' dir='ltr'>aliorum</span> <span class='ocrx_word' id='word_1_72' title='bbox 807 1883 984 1947; x_wconf 87' lang='lat' dir='ltr'>fluviorum</span> <span class='ocrx_word' id='word_1_73' title='bbox 1018 1883 1055 1948; x_wconf 92' lang='lat' dir='ltr'>in</span> <span class='ocrx_word' id='word_1_74' title='bbox 1080 1883 1300 1950; x_wconf 86' lang='lat' dir='ltr'>Holdernesse</span> <span class='ocrx_word' id='word_1_75' title='bbox 1334 1889 1369 1950; x_wconf 88' lang='lat' dir='ltr'>ct</span> <span class='ocrx_word' id='word_1_76' title='bbox 1400 1885 1502 1950; x_wconf 87' lang='lat' dir='ltr'>Mers·</span> 
     </span>
     <span class='ocr_line' id='line_1_11' title="bbox 456 1984 1503 2073; baseline 0.003 -23"><span class='ocrx_word' id='word_1_77' title='bbox 456 1984 585 2062; x_wconf 89' lang='lat' dir='ltr'>chland,</span> <span class='ocrx_word' id='word_1_78' title='bbox 622 1989 840 2072; x_wconf 86' lang='lat' dir='ltr'>consumptas,</span> <span class='ocrx_word' id='word_1_79' title='bbox 878 1985 1030 2050; x_wconf 86' lang='lat' dir='ltr'>similiter</span> <span class='ocrx_word' id='word_1_80' title='bbox 1063 1991 1269 2072; x_wconf 79' lang='lat' dir='ltr'>exceperunt</span> <span class='ocrx_word' id='word_1_81' title='bbox 1325 1987 1432 2073; x_wconf 85' lang='lat' dir='ltr'>Super</span> <span class='ocrx_word' id='word_1_82' title='bbox 1467 1991 1503 2053; x_wconf 89' lang='lat' dir='ltr'>et</span> 
     </span>
     <span class='ocr_line' id='line_1_12' title="bbox 456 2086 1503 2175; baseline 0.001 -24"><span class='ocrx_word' id='word_1_83' title='bbox 456 2089 497 2151; x_wconf 93' lang='lat' dir='ltr'>de</span> <span class='ocrx_word' id='word_1_84' title='bbox 533 2109 598 2172; x_wconf 87' lang='lat' dir='ltr'>qua</span> <span class='ocrx_word' id='word_1_85' title='bbox 640 2086 887 2173; x_wconf 89' lang='lat' dir='ltr'>consumptione</span> <span class='ocrx_word' id='word_1_86' title='bbox 924 2109 983 2174; x_wconf 89' lang='lat' dir='ltr'>per</span> <span class='ocrx_word' id='word_1_87' title='bbox 1020 2088 1190 2152; x_wconf 92' lang='lat' dir='ltr'>dominum</span> <span class='ocrx_word' id='word_1_88' title='bbox 1227 2087 1503 2175; x_wconf 87' lang='lat' dir='ltr'>archiepiscopum</span> 
     </span>
     <span class='ocr_line' id='line_1_13' title="bbox 457 2189 1504 2276; baseline 0.002 -23"><span class='ocrx_word' id='word_1_89' title='bbox 457 2189 695 2254; x_wconf 88' lang='lat' dir='ltr'>Eboracensem</span> <span class='ocrx_word' id='word_1_90' title='bbox 726 2189 939 2275; x_wconf 85' lang='lat' dir='ltr'>saepedictum</span> <span class='ocrx_word' id='word_1_91' title='bbox 961 2189 1128 2255; x_wconf 83' lang='lat' dir='ltr'>duntaxat</span> <span class='ocrx_word' id='word_1_92' title='bbox 1158 2191 1388 2276; x_wconf 89' lang='lat' dir='ltr'>inquireretur,</span> <span class='ocrx_word' id='word_1_93' title='bbox 1420 2190 1504 2276; x_wconf 89' lang='lat' dir='ltr'>ejus-</span> 
     </span>
     <span class='ocr_line' id='line_1_14' title="bbox 458 2290 1506 2379; baseline 0.002 -23"><span class='ocrx_word' id='word_1_94' title='bbox 458 2292 595 2376; x_wconf 91' lang='lat' dir='ltr'>demque</span> <span class='ocrx_word' id='word_1_95' title='bbox 641 2290 909 2356; x_wconf 88' lang='lat' dir='ltr'>determinationi</span> <span class='ocrx_word' id='word_1_96' title='bbox 953 2297 989 2357; x_wconf 89' lang='lat' dir='ltr'>ct</span> <span class='ocrx_word' id='word_1_97' title='bbox 1034 2292 1263 2358; x_wconf 88' lang='lat' dir='ltr'>certificatorio</span> <span class='ocrx_word' id='word_1_98' title='bbox 1299 2315 1358 2379; x_wconf 92' lang='lat' dir='ltr'>per</span> <span class='ocrx_word' id='word_1_99' title='bbox 1394 2293 1506 2358; x_wconf 85' lang='lat' dir='ltr'>omnia</span> 
     </span>
     <span class='ocr_line' id='line_1_15' title="bbox 458 2393 1504 2482; baseline 0.003 -25"><span class='ocrx_word' id='word_1_100' title='bbox 458 2394 552 2480; x_wconf 88' lang='lat' dir='ltr'>plene</span> <span class='ocrx_word' id='word_1_101' title='bbox 590 2393 775 2458; x_wconf 89' lang='lat' dir='ltr'>crederetur</span> <span class='ocrx_word' id='word_1_102' title='bbox 809 2398 844 2458; x_wconf 91' lang='lat' dir='ltr'>et</span> <span class='ocrx_word' id='word_1_103' title='bbox 875 2399 1020 2459; x_wconf 90' lang='lat' dir='ltr'>staretur</span> <span class='ocrx_word' id='word_1_104' title='bbox 1049 2394 1172 2480; x_wconf 90' lang='lat' dir='ltr'>absque</span> <span class='ocrx_word' id='word_1_105' title='bbox 1209 2395 1315 2481; x_wconf 87' lang='lat' dir='ltr'>pluri;</span> <span class='ocrx_word' id='word_1_106' title='bbox 1352 2395 1504 2482; x_wconf 89' lang='lat' dir='ltr'>quodque</span> 
     </span>
     <span class='ocr_line' id='line_1_16' title="bbox 458 2496 1506 2582; baseline 0.001 -21"><span class='ocrx_word' id='word_1_107' title='bbox 458 2496 608 2582; x_wconf 90' lang='lat' dir='ltr'>episcopi,</span> <span class='ocrx_word' id='word_1_108' title='bbox 647 2496 775 2581; x_wconf 79' lang='lat' dir='ltr'>praelati</span> <span class='ocrx_word' id='word_1_109' title='bbox 813 2501 848 2560; x_wconf 89' lang='lat' dir='ltr'>et</span> <span class='ocrx_word' id='word_1_110' title='bbox 880 2496 993 2577; x_wconf 80' lang='lat' dir='ltr'>olenus,</span> <span class='ocrx_word' id='word_1_111' title='bbox 1029 2497 1266 2564; x_wconf 90' lang='lat' dir='ltr'>Dunelmenses</span> <span class='ocrx_word' id='word_1_112' title='bbox 1300 2504 1334 2564; x_wconf 91' lang='lat' dir='ltr'>et</span> <span class='ocrx_word' id='word_1_113' title='bbox 1370 2497 1506 2564; x_wconf 84' lang='lat' dir='ltr'>Oarliol·</span> 
     </span>
     <span class='ocr_line' id='line_1_17' title="bbox 458 2601 1514 2686; baseline 0.001 -22"><span class='ocrx_word' id='word_1_114' title='bbox 458 2621 558 2677; x_wconf 88' lang='lat' dir='ltr'>enses,</span> <span class='ocrx_word' id='word_1_115' title='bbox 598 2619 742 2663; x_wconf 86' lang='lat' dir='ltr'>summas</span> <span class='ocrx_word' id='word_1_116' title='bbox 777 2619 831 2664; x_wconf 87' lang='lat' dir='ltr'>eos</span> <span class='ocrx_word' id='word_1_117' title='bbox 865 2603 900 2663; x_wconf 88' lang='lat' dir='ltr'>et</span> <span class='ocrx_word' id='word_1_118' title='bbox 934 2621 1046 2664; x_wconf 88' lang='lat' dir='ltr'>eorum</span> <span class='ocrx_word' id='word_1_119' title='bbox 1085 2601 1239 2666; x_wconf 88' lang='lat' dir='ltr'>dioeceses</span> <span class='ocrx_word' id='word_1_120' title='bbox 1276 2601 1514 2686; x_wconf 81' lang='lat' dir='ltr'>contingentes,</span> 
     </span>
     <span class='ocr_line' id='line_1_18' title="bbox 458 2701 1506 2790; baseline 0.002 -24"><span class='ocrx_word' id='word_1_121' title='bbox 458 2703 617 2780; x_wconf 88' lang='lat' dir='ltr'>levarent,</span> <span class='ocrx_word' id='word_1_122' title='bbox 641 2706 675 2767; x_wconf 91' lang='lat' dir='ltr'>et</span> <span class='ocrx_word' id='word_1_123' title='bbox 697 2701 858 2788; x_wconf 85' lang='lat' dir='ltr'>receptori</span> <span class='ocrx_word' id='word_1_124' title='bbox 882 2701 1008 2766; x_wconf 92' lang='lat' dir='ltr'>domini</span> <span class='ocrx_word' id='word_1_125' title='bbox 1037 2702 1270 2790; x_wconf 85' lang='lat' dir='ltr'>archiepiscopi</span> <span class='ocrx_word' id='word_1_126' title='bbox 1293 2703 1506 2768; x_wconf 81' lang='lat' dir='ltr'>Eboraoensis</span> 
     </span>
     <span class='ocr_line' id='line_1_19' title="bbox 459 2802 1505 2892; baseline 0.002 -24"><span class='ocrx_word' id='word_1_127' title='bbox 459 2805 623 2869; x_wconf 87' lang='lat' dir='ltr'>solverent</span> <span class='ocrx_word' id='word_1_128' title='bbox 646 2808 680 2868; x_wconf 89' lang='lat' dir='ltr'>et</span> <span class='ocrx_word' id='word_1_129' title='bbox 709 2802 909 2882; x_wconf 87' lang='lat' dir='ltr'>liberarent;</span> <span class='ocrx_word' id='word_1_130' title='bbox 943 2809 977 2868; x_wconf 91' lang='lat' dir='ltr'>et</span> <span class='ocrx_word' id='word_1_131' title='bbox 1009 2806 1097 2891; x_wconf 93' lang='lat' dir='ltr'>quod</span> <span class='ocrx_word' id='word_1_132' title='bbox 1119 2805 1345 2892; x_wconf 86' lang='lat' dir='ltr'>episcoporum</span> <span class='ocrx_word' id='word_1_133' title='bbox 1366 2806 1505 2892; x_wconf 84' lang='lat' dir='ltr'>praedic-</span> 
     </span>
     <span class='ocr_line' id='line_1_20' title="bbox 458 2905 1504 2993; baseline 0.002 -23"><span class='ocrx_word' id='word_1_134' title='bbox 458 2911 567 2971; x_wconf 89' lang='lat' dir='ltr'>torum</span> <span class='ocrx_word' id='word_1_135' title='bbox 599 2905 816 2993; x_wconf 89' lang='lat' dir='ltr'>inquisitioni,</span> <span class='ocrx_word' id='word_1_136' title='bbox 840 2905 1109 2973; x_wconf 85' lang='lat' dir='ltr'>determinationi</span> <span class='ocrx_word' id='word_1_137' title='bbox 1140 2914 1174 2973; x_wconf 94' lang='grc' dir='ltr'><strong>εὴ</strong></span> <span class='ocrx_word' id='word_1_138' title='bbox 1208 2909 1445 2986; x_wconf 89' lang='lat' dir='ltr'>certificatorio,</span> <span class='ocrx_word' id='word_1_139' title='bbox 1467 2909 1504 2972; x_wconf 93' lang='lat' dir='ltr'>in</span> 
     </span>
     <span class='ocr_line' id='line_1_21' title="bbox 459 3009 1504 3096; baseline 0.001 -21"><span class='ocrx_word' id='word_1_140' title='bbox 459 3010 611 3075; x_wconf 86' lang='lat' dir='ltr'>omnibus</span> <span class='ocrx_word' id='word_1_141' title='bbox 642 3031 715 3096; x_wconf 84' lang='lat' dir='ltr'>quae</span> <span class='ocrx_word' id='word_1_142' title='bbox 749 3009 836 3095; x_wconf 91' lang='lat' dir='ltr'>ipsos</span> <span class='ocrx_word' id='word_1_143' title='bbox 874 3013 908 3074; x_wconf 92' lang='lat' dir='ltr'>et</span> <span class='ocrx_word' id='word_1_144' title='bbox 946 3031 1059 3075; x_wconf 91' lang='lat' dir='ltr'>eorum</span> <span class='ocrx_word' id='word_1_145' title='bbox 1091 3011 1240 3076; x_wconf 90' lang='lat' dir='ltr'>subditos</span> <span class='ocrx_word' id='word_1_146' title='bbox 1277 3016 1312 3077; x_wconf 91' lang='lat' dir='ltr'>et</span> <span class='ocrx_word' id='word_1_147' title='bbox 1350 3011 1504 3077; x_wconf 79' lang='lat' dir='ltr'>dioeceses</span> 
     </span>
     <span class='ocr_line' id='line_1_22' title="bbox 458 3111 1502 3201; baseline -0.002 -21"><span class='ocrx_word' id='word_1_148' title='bbox 458 3114 668 3200; x_wconf 86' lang='lat' dir='ltr'>contigerunt</span> <span class='ocrx_word' id='word_1_149' title='bbox 690 3111 876 3177; x_wconf 88' lang='lat' dir='ltr'>crederetur</span> <span class='ocrx_word' id='word_1_150' title='bbox 907 3117 941 3176; x_wconf 87' lang='lat' dir='ltr'>et</span> <span class='ocrx_word' id='word_1_151' title='bbox 963 3117 1116 3190; x_wconf 89' lang='lat' dir='ltr'>staretur,</span> <span class='ocrx_word' id='word_1_152' title='bbox 1139 3113 1175 3177; x_wconf 92' lang='lat' dir='ltr'>in</span> <span class='ocrx_word' id='word_1_153' title='bbox 1198 3113 1303 3178; x_wconf 86' lang='lat' dir='ltr'>forma</span> <span class='ocrx_word' id='word_1_154' title='bbox 1335 3114 1502 3201; x_wconf 81' lang='lat' dir='ltr'>praedicta.</span> 
     </span>
     <span class='ocr_line' id='line_1_23' title="bbox 294 3214 1503 3303; baseline 0.003 -25"><span class='ocrx_word' id='word_1_155' title='bbox 294 3227 430 3292; x_wconf 81' lang='lat' dir='ltr'>Theprior</span> <span class='ocrx_word' id='word_1_156' title='bbox 458 3216 512 3280; x_wconf 88' lang='lat' dir='ltr'>Ad</span> <span class='ocrx_word' id='word_1_157' title='bbox 536 3214 759 3280; x_wconf 88' lang='lat' dir='ltr'>collectionem</span> <span class='ocrx_word' id='word_1_158' title='bbox 783 3237 860 3302; x_wconf 83' lang='lat' dir='ltr'>ergo</span> <span class='ocrx_word' id='word_1_159' title='bbox 882 3214 1029 3303; x_wconf 87' lang='lat' dir='ltr'>praefatae</span> <span class='ocrx_word' id='word_1_160' title='bbox 1051 3215 1240 3283; x_wconf 87' lang='lat' dir='ltr'>medietatis</span> <span class='ocrx_word' id='word_1_161' title='bbox 1263 3215 1398 3282; x_wconf 83' lang='lat' dir='ltr'>decimae</span> <span class='ocrx_word' id='word_1_162' title='bbox 1420 3239 1503 3303; x_wconf 76' lang='lat' dir='ltr'>prae-</span> 
     </span>
     <span class='ocr_line' id='line_1_24' title="bbox 291 3295 1502 3404; baseline 0.002 -22"><span class='ocrx_word' id='word_1_163' title='bbox 291 3295 429 3346; x_wconf 60' lang='lat' dir='ltr'>⁰fw⁸m⁶</span> <span class='ocrx_word' id='word_1_164' title='bbox 458 3319 546 3383; x_wconf 88' lang='lat' dir='ltr'>fatus</span> <span class='ocrx_word' id='word_1_165' title='bbox 585 3317 750 3382; x_wconf 86' lang='lat' dir='ltr'>Robertus</span> <span class='ocrx_word' id='word_1_166' title='bbox 788 3317 1047 3404; x_wconf 87' lang='lat' dir='ltr'>archiepiscopus</span> <span class='ocrx_word' id='word_1_167' title='bbox 1084 3317 1226 3403; x_wconf 86' lang='lat' dir='ltr'>priorem</span> <span class='ocrx_word' id='word_1_168' title='bbox 1263 3318 1303 3384; x_wconf 87' lang='lat' dir='ltr'>de</span> <span class='ocrx_word' id='word_1_169' title='bbox 1349 3317 1502 3398; x_wconf 87' lang='lat' dir='ltr'>Wartria,</span> 
     </span>
    </p>
   </div>
   <div class='ocr_carea' id='block_1_3' title="bbox 291 3363 435 3426">
    <p class='ocr_par' dir='ltr' id='par_1_3' title="bbox 291 3363 435 3426">
     <span class='ocr_line' id='line_1_25' title="bbox 291 3363 435 3426; baseline 0 -14"><span class='ocrx_word' id='word_1_170' title='bbox 291 3363 399 3426; x_wconf 87' lang='lat' dir='ltr'>deputed</span> <span class='ocrx_word' id='word_1_171' title='bbox 409 3371 435 3412; x_wconf 84' lang='lat' dir='ltr'>to</span> 
     </span>
    </p>
   </div>
   <div class='ocr_carea' id='block_1_4' title="bbox 291 3419 1505 3545">
    <p class='ocr_par' dir='ltr' id='par_1_4' title="bbox 291 3419 1505 3545">
     <span class='ocr_line' id='line_1_26' title="bbox 291 3419 1505 3508; baseline 0.007 -30"><span class='ocrx_word' id='word_1_172' title='bbox 291 3429 436 3507; x_wconf 68' lang='lat' dir='ltr'>collatae</span> <span class='ocrx_word' id='word_1_173' title='bbox 459 3419 546 3484; x_wconf 85' lang='lat' dir='ltr'>infra</span> <span class='ocrx_word' id='word_1_174' title='bbox 583 3419 884 3483; x_wconf 85' lang='lat' dir='ltr'>archidiaconatum</span> <span class='ocrx_word' id='word_1_175' title='bbox 917 3419 1207 3505; x_wconf 86' lang='lat' dir='ltr'>Estridingensem,</span> <span class='ocrx_word' id='word_1_176' title='bbox 1239 3421 1385 3508; x_wconf 86' lang='lat' dir='ltr'>exceptis</span> <span class='ocrx_word' id='word_1_177' title='bbox 1422 3443 1505 3506; x_wconf 77' lang='lat' dir='ltr'>prae·</span> 
     </span>
     <span class='ocr_line' id='line_1_27' title="bbox 291 3510 342 3545; baseline 0 -1"><span class='ocrx_word' id='word_1_178' title='bbox 291 3510 342 3545; x_wconf 81' lang='lat' dir='ltr'>mor</span> 
     </span>
    </p>
   </div>
   <div class='ocr_carea' id='block_1_5' title="bbox 292 3495 1504 4222">
    <p class='ocr_par' dir='ltr' id='par_1_5' title="bbox 292 3495 1504 3813">
     <span class='ocr_line' id='line_1_28' title="bbox 292 3495 1504 3612; baseline 0 -26"><span class='ocrx_word' id='word_1_179' title='bbox 292 3495 429 3612; x_wconf 57' lang='lat' dir='ltr'>,heffif</span> <span class='ocrx_word' id='word_1_180' title='bbox 459 3521 613 3607; x_wconf 87' lang='lat' dir='ltr'>exceptis,</span> <span class='ocrx_word' id='word_1_181' title='bbox 647 3520 843 3604; x_wconf 85' lang='lat' dir='ltr'>deputavit;</span> <span class='ocrx_word' id='word_1_182' title='bbox 880 3520 929 3585; x_wconf 89' lang='lat' dir='ltr'>ita</span> <span class='ocrx_word' id='word_1_183' title='bbox 960 3521 1047 3606; x_wconf 91' lang='lat' dir='ltr'>quod</span> <span class='ocrx_word' id='word_1_184' title='bbox 1085 3521 1175 3586; x_wconf 88' lang='lat' dir='ltr'>dicta</span> <span class='ocrx_word' id='word_1_185' title='bbox 1207 3521 1345 3586; x_wconf 86' lang='lat' dir='ltr'>dimidia</span> <span class='ocrx_word' id='word_1_186' title='bbox 1377 3521 1504 3587; x_wconf 86' lang='lat' dir='ltr'>decima</span> 
     </span>
     <span class='ocr_line' id='line_1_29' title="bbox 460 3619 1504 3709; baseline 0.001 -21"><span class='ocrx_word' id='word_1_187' title='bbox 460 3623 502 3688; x_wconf 90' lang='lat' dir='ltr'>ad</span> <span class='ocrx_word' id='word_1_188' title='bbox 524 3623 609 3688; x_wconf 88' lang='lat' dir='ltr'>festa</span> <span class='ocrx_word' id='word_1_189' title='bbox 630 3619 788 3708; x_wconf 86' lang='lat' dir='ltr'>praedicta</span> <span class='ocrx_word' id='word_1_190' title='bbox 811 3643 868 3708; x_wconf 89' lang='lat' dir='ltr'>per</span> <span class='ocrx_word' id='word_1_191' title='bbox 885 3623 1026 3709; x_wconf 87' lang='lat' dir='ltr'>aequales</span> <span class='ocrx_word' id='word_1_192' title='bbox 1049 3625 1215 3709; x_wconf 88' lang='lat' dir='ltr'>portiones</span> <span class='ocrx_word' id='word_1_193' title='bbox 1237 3625 1411 3704; x_wconf 89' lang='lat' dir='ltr'>levaretur,</span> <span class='ocrx_word' id='word_1_194' title='bbox 1426 3625 1504 3690; x_wconf 90' lang='lat' dir='ltr'>sibi-</span> 
     </span>
     <span class='ocr_line' id='line_1_30' title="bbox 460 3723 1503 3813; baseline 0.003 -23"><span class='ocrx_word' id='word_1_195' title='bbox 460 3747 524 3811; x_wconf 89' lang='lat' dir='ltr'>que</span> <span class='ocrx_word' id='word_1_196' title='bbox 546 3729 606 3789; x_wconf 91' lang='lat' dir='ltr'>aut</span> <span class='ocrx_word' id='word_1_197' title='bbox 628 3723 696 3788; x_wconf 91' lang='lat' dir='ltr'>suis</span> <span class='ocrx_word' id='word_1_198' title='bbox 729 3723 765 3787; x_wconf 90' lang='lat' dir='ltr'>in</span> <span class='ocrx_word' id='word_1_199' title='bbox 798 3723 859 3789; x_wconf 89' lang='lat' dir='ltr'>hac</span> <span class='ocrx_word' id='word_1_200' title='bbox 891 3729 984 3812; x_wconf 88' lang='lat' dir='ltr'>parte</span> <span class='ocrx_word' id='word_1_201' title='bbox 1016 3726 1185 3812; x_wconf 89' lang='lat' dir='ltr'>deputatis</span> <span class='ocrx_word' id='word_1_202' title='bbox 1206 3727 1295 3813; x_wconf 91' lang='lat' dir='ltr'>apud</span> <span class='ocrx_word' id='word_1_203' title='bbox 1320 3725 1503 3793; x_wconf 86' lang='lat' dir='ltr'>Eboracum</span> 
     </span>
    </p>

    <p class='ocr_par' dir='ltr' id='par_1_6' title="bbox 293 3823 1503 3916">
     <span class='ocr_line' id='line_1_31' title="bbox 293 3823 1503 3916; baseline 0.001 -23"><span class='ocrx_word' id='word_1_204' title='bbox 293 3843 431 3894; x_wconf 73' lang='lat' dir='ltr'>Tosach-</span> <span class='ocrx_word' id='word_1_205' title='bbox 460 3827 667 3914; x_wconf 86' lang='lat' dir='ltr'>integraliter</span> <span class='ocrx_word' id='word_1_206' title='bbox 688 3823 895 3892; x_wconf 89' lang='lat' dir='ltr'>liberaretur.</span> <span class='ocrx_word' id='word_1_207' title='bbox 937 3826 1016 3893; x_wconf 89' lang='lat' dir='ltr'>Post</span> <span class='ocrx_word' id='word_1_208' title='bbox 1039 3850 1138 3914; x_wconf 88' lang='lat' dir='ltr'>quam</span> <span class='ocrx_word' id='word_1_209' title='bbox 1161 3829 1293 3916; x_wconf 87' lang='lat' dir='ltr'>quidem</span> <span class='ocrx_word' id='word_1_210' title='bbox 1315 3831 1503 3895; x_wconf 88' lang='lat' dir='ltr'>medietatis</span> 
     </span>
    </p>

    <p class='ocr_par' dir='ltr' id='par_1_7' title="bbox 292 3909 1504 4028">
     <span class='ocr_line' id='line_1_32' title="bbox 292 3909 1504 4028; baseline 0.002 -34"><span class='ocrx_word' id='word_1_211' title='bbox 292 3909 423 4028; x_wconf 46' lang='grc' dir='ltr'><strong>ξ’ξίξοΡὼ</strong></span> <span class='ocrx_word' id='word_1_212' title='bbox 462 3929 595 3996; x_wconf 87' lang='lat' dir='ltr'>decimae</span> <span class='ocrx_word' id='word_1_213' title='bbox 629 3928 865 3994; x_wconf 89' lang='lat' dir='ltr'>concessionem</span> <span class='ocrx_word' id='word_1_214' title='bbox 898 3933 932 3994; x_wconf 90' lang='lat' dir='ltr'>et</span> <span class='ocrx_word' id='word_1_215' title='bbox 964 3931 1169 4016; x_wconf 86' lang='lat' dir='ltr'>exceptiones</span> <span class='ocrx_word' id='word_1_216' title='bbox 1209 3932 1246 3995; x_wconf 93' lang='lat' dir='ltr'>in</span> <span class='ocrx_word' id='word_1_217' title='bbox 1278 3932 1391 3997; x_wconf 85' lang='lat' dir='ltr'>eadem</span> <span class='ocrx_word' id='word_1_218' title='bbox 1428 3954 1504 4019; x_wconf 92' lang='lat' dir='ltr'>pro·</span> 
     </span>
    </p>

    <p class='ocr_par' dir='ltr' id='par_1_8' title="bbox 292 3993 1504 4222">
     <span class='ocr_line' id='line_1_33' title="bbox 292 3993 1504 4122; baseline 0.007 -30"><span class='ocrx_word' id='word_1_219' title='bbox 292 3993 440 4122; x_wconf 62' lang='lat' dir='ltr'>ranclano</span> <span class='ocrx_word' id='word_1_220' title='bbox 461 4031 592 4119; x_wconf 87' lang='lat' dir='ltr'>positas,</span> <span class='ocrx_word' id='word_1_221' title='bbox 626 4035 665 4095; x_wconf 92' lang='lat' dir='ltr'>ut</span> <span class='ocrx_word' id='word_1_222' title='bbox 690 4031 873 4116; x_wconf 88' lang='lat' dir='ltr'>praefertur,</span> <span class='ocrx_word' id='word_1_223' title='bbox 901 4054 977 4096; x_wconf 92' lang='lat' dir='ltr'>cum</span> <span class='ocrx_word' id='word_1_224' title='bbox 1012 4032 1119 4097; x_wconf 88' lang='lat' dir='ltr'>dictus</span> <span class='ocrx_word' id='word_1_225' title='bbox 1153 4033 1306 4098; x_wconf 92' lang='lat' dir='ltr'>dominus</span> <span class='ocrx_word' id='word_1_226' title='bbox 1337 4033 1504 4100; x_wconf 86' lang='lat' dir='ltr'>Robertus</span> 
     </span>
     <span class='ocr_line' id='line_1_34' title="bbox 293 4110 1504 4222; baseline 0.003 -24"><span class='ocrx_word' id='word_1_227' title='bbox 293 4110 447 4161; x_wconf 63' lang='lat' dir='ltr'>²¹¹⁰⁰⁰f²¹¹⁰</span> <span class='ocrx_word' id='word_1_228' title='bbox 461 4133 720 4219; x_wconf 87' lang='lat' dir='ltr'>archiepiscopus</span> <span class='ocrx_word' id='word_1_229' title='bbox 753 4132 790 4196; x_wconf 89' lang='lat' dir='ltr'>in.</span> <span class='ocrx_word' id='word_1_230' title='bbox 824 4133 958 4198; x_wconf 81' lang='lat' dir='ltr'>remotis</span> <span class='ocrx_word' id='word_1_231' title='bbox 991 4140 1113 4219; x_wconf 85' lang='lat' dir='ltr'>ageret,</span> <span class='ocrx_word' id='word_1_232' title='bbox 1148 4137 1206 4220; x_wconf 89' lang='lat' dir='ltr'>qui</span> <span class='ocrx_word' id='word_1_233' title='bbox 1240 4137 1504 4222; x_wconf 87' lang='lat' dir='ltr'>consumptiones</span> 
     </span>
    </p>
   </div>
   <div class='ocr_carea' id='block_1_6' title="bbox 294 4178 436 4234">
    <p class='ocr_par' dir='ltr' id='par_1_9' title="bbox 294 4178 436 4234">
     <span class='ocr_line' id='line_1_35' title="bbox 294 4178 436 4234; baseline -0.014 -7"><span class='ocrx_word' id='word_1_234' title='bbox 294 4178 436 4234; x_wconf 83' lang='lat' dir='ltr'>collection,</span> 
     </span>
    </p>
   </div>
   <div class='ocr_carea' id='block_1_7' title="bbox 293 4232 1505 4324">
    <p class='ocr_par' dir='ltr' id='par_1_10' title="bbox 293 4232 1505 4324">
     <span class='ocr_line' id='line_1_36' title="bbox 293 4232 1505 4324; baseline 0.008 -30"><span class='ocrx_word' id='word_1_235' title='bbox 293 4244 425 4295; x_wconf 80' lang='lat' dir='ltr'>theabbot</span> <span class='ocrx_word' id='word_1_236' title='bbox 461 4235 631 4300; x_wconf 87' lang='lat' dir='ltr'>nobiscum</span> <span class='ocrx_word' id='word_1_237' title='bbox 654 4232 837 4299; x_wconf 91' lang='lat' dir='ltr'>consimiles</span> <span class='ocrx_word' id='word_1_238' title='bbox 868 4235 957 4322; x_wconf 90' lang='lat' dir='ltr'>apud</span> <span class='ocrx_word' id='word_1_239' title='bbox 980 4235 1280 4324; x_wconf 87' lang='lat' dir='ltr'>Tbarlesthorpiam</span> <span class='ocrx_word' id='word_1_240' title='bbox 1306 4243 1342 4304; x_wconf 91' lang='lat' dir='ltr'>et</span> <span class='ocrx_word' id='word_1_241' title='bbox 1365 4238 1447 4304; x_wconf 88' lang='lat' dir='ltr'>alibi</span> <span class='ocrx_word' id='word_1_242' title='bbox 1469 4239 1505 4304; x_wconf 93' lang='lat' dir='ltr'>in</span> 
     </span>
    </p>
   </div>
   <div class='ocr_carea' id='block_1_8' title="bbox 292 4311 1504 4428">
    <p class='ocr_par' dir='ltr' id='par_1_11' title="bbox 292 4311 1504 4428">
     <span class='ocr_line' id='line_1_37' title="bbox 292 4311 1504 4428; baseline -0.006 -20"><span class='ocrx_word' id='word_1_243' title='bbox 292 4311 646 4428; x_wconf 46' lang='lat' dir='ltr'>ffi,l⁶,{,?¹}1},Holdernes</span> <span class='ocrx_word' id='word_1_244' title='bbox 668 4357 725 4423; x_wconf 90' lang='lat' dir='ltr'>per</span> <span class='ocrx_word' id='word_1_245' title='bbox 757 4337 992 4402; x_wconf 89' lang='lat' dir='ltr'>inundationes</span> <span class='ocrx_word' id='word_1_246' title='bbox 1023 4339 1123 4403; x_wconf 89' lang='lat' dir='ltr'>maris</span> <span class='ocrx_word' id='word_1_247' title='bbox 1153 4345 1187 4405; x_wconf 90' lang='lat' dir='ltr'>et</span> <span class='ocrx_word' id='word_1_248' title='bbox 1210 4362 1305 4427; x_wconf 85' lang='lat' dir='ltr'>aquae</span> <span class='ocrx_word' id='word_1_249' title='bbox 1328 4341 1504 4408; x_wconf 80' lang='lat' dir='ltr'>Humbriae</span> 
     </span>
    </p>
   </div>
   <div class='ocr_carea' id='block_1_9' title="bbox 292 4438 1505 4634">
    <p class='ocr_par' dir='ltr' id='par_1_12' title="bbox 292 4438 1505 4634">
     <span class='ocr_line' id='line_1_38' title="bbox 292 4438 1504 4561; baseline 0.002 -52"><span class='ocrx_word' id='word_1_250' title='bbox 292 4444 421 4561; x_wconf 42' lang='lat' dir='ltr'>3¹2be</span> <span class='ocrx_word' id='word_1_251' title='bbox 460 4440 653 4516; x_wconf 88' lang='lat' dir='ltr'>sustinebat,</span> <span class='ocrx_word' id='word_1_252' title='bbox 677 4445 716 4504; x_wconf 90' lang='lat' dir='ltr'>ut</span> <span class='ocrx_word' id='word_1_253' title='bbox 747 4438 849 4504; x_wconf 87' lang='lat' dir='ltr'>abbas</span> <span class='ocrx_word' id='word_1_254' title='bbox 883 4444 996 4506; x_wconf 87' lang='lat' dir='ltr'>noster</span> <span class='ocrx_word' id='word_1_255' title='bbox 1030 4462 1104 4506; x_wconf 91' lang='lat' dir='ltr'>cum</span> <span class='ocrx_word' id='word_1_256' title='bbox 1136 4441 1249 4508; x_wconf 91' lang='lat' dir='ltr'>eodem</span> <span class='ocrx_word' id='word_1_257' title='bbox 1281 4443 1414 4510; x_wconf 91' lang='lat' dir='ltr'>domino</span> <span class='ocrx_word' id='word_1_258' title='bbox 1439 4445 1504 4510; x_wconf 87' lang='lat' dir='ltr'>Ro·</span> 
     </span>
     <span class='ocr_line' id='line_1_39' title="bbox 292 4509 1505 4634; baseline 0.001 -23"><span class='ocrx_word' id='word_1_259' title='bbox 292 4509 450 4627; x_wconf 55' lang='lat' dir='ltr'><strong>Yoffiff</strong></span> <span class='ocrx_word' id='word_1_260' title='bbox 460 4543 554 4609; x_wconf 91' lang='lat' dir='ltr'>berto</span> <span class='ocrx_word' id='word_1_261' title='bbox 587 4541 827 4628; x_wconf 87' lang='lat' dir='ltr'>archiepiscopo</span> <span class='ocrx_word' id='word_1_262' title='bbox 865 4563 961 4629; x_wconf 88' lang='lat' dir='ltr'>super</span> <span class='ocrx_word' id='word_1_263' title='bbox 990 4544 1156 4630; x_wconf 75' lang='lat' dir='ltr'>praedictis</span> <span class='ocrx_word' id='word_1_264' title='bbox 1187 4547 1433 4634; x_wconf 84' lang='lat' dir='ltr'>exceptionibus</span> <span class='ocrx_word' id='word_1_265' title='bbox 1470 4553 1505 4613; x_wconf 88' lang='lat' dir='ltr'>et</span> 
     </span>
    </p>
   </div>
   <div class='ocr_carea' id='block_1_10' title="bbox 289 4643 1505 4839">
    <p class='ocr_par' dir='ltr' id='par_1_13' title="bbox 289 4643 1505 4839">
     <span class='ocr_line' id='line_1_40' title="bbox 293 4643 1504 4738; baseline 0.008 -33"><span class='ocrx_word' id='word_1_266' title='bbox 293 4643 446 4722; x_wconf 61' lang='lat' dir='ltr'>prselbyto</span> <span class='ocrx_word' id='word_1_267' title='bbox 460 4645 573 4711; x_wconf 88' lang='lat' dir='ltr'>debita</span> <span class='ocrx_word' id='word_1_268' title='bbox 611 4643 845 4710; x_wconf 83' lang='lat' dir='ltr'>exoneratione</span> <span class='ocrx_word' id='word_1_269' title='bbox 891 4666 1159 4734; x_wconf 88' lang='lat' dir='ltr'>quarumcunque</span> <span class='ocrx_word' id='word_1_270' title='bbox 1200 4649 1400 4714; x_wconf 86' lang='lat' dir='ltr'>decimarum</span> <span class='ocrx_word' id='word_1_271' title='bbox 1446 4671 1504 4738; x_wconf 90' lang='lat' dir='ltr'>pro</span> 
     </span>
     <span class='ocr_line' id='line_1_41' title="bbox 289 4725 1505 4839; baseline 0.007 -31"><span class='ocrx_word' id='word_1_272' title='bbox 289 4725 418 4825; x_wconf 55' lang='lat' dir='ltr'>ffiffioe,</span> <span class='ocrx_word' id='word_1_273' title='bbox 461 4749 559 4812; x_wconf 90' lang='lat' dir='ltr'>terris</span> <span class='ocrx_word' id='word_1_274' title='bbox 582 4748 649 4812; x_wconf 87' lang='lat' dir='ltr'>suis</span> <span class='ocrx_word' id='word_1_275' title='bbox 672 4753 706 4812; x_wconf 89' lang='lat' dir='ltr'>et</span> <span class='ocrx_word' id='word_1_276' title='bbox 729 4747 857 4825; x_wconf 88' lang='lat' dir='ltr'>nostris,</span> <span class='ocrx_word' id='word_1_277' title='bbox 882 4748 1006 4833; x_wconf 88' lang='lat' dir='ltr'>pariter</span> <span class='ocrx_word' id='word_1_278' title='bbox 1028 4749 1073 4814; x_wconf 89' lang='lat' dir='ltr'>sic</span> <span class='ocrx_word' id='word_1_279' title='bbox 1096 4753 1306 4839; x_wconf 91' lang='lat' dir='ltr'>consumptis,</span> <span class='ocrx_word' id='word_1_280' title='bbox 1325 4753 1505 4818; x_wconf 91' lang='lat' dir='ltr'>communi-</span> 
     </span>
    </p>
   </div>
   <div class='ocr_carea' id='block_1_11' title="bbox 292 4843 1507 4943">
    <p class='ocr_par' dir='ltr' id='par_1_14' title="bbox 292 4843 1507 4943">
     <span class='ocr_line' id='line_1_42' title="bbox 292 4843 1507 4943; baseline 0.009 -32"><span class='ocrx_word' id='word_1_281' title='bbox 292 4843 447 4896; x_wconf 59' lang='lat' dir='ltr'>10²⁸me</span> <span class='ocrx_word' id='word_1_282' title='bbox 460 4872 532 4916; x_wconf 88' lang='lat' dir='ltr'>care</span> <span class='ocrx_word' id='word_1_283' title='bbox 547 4850 679 4929; x_wconf 89' lang='lat' dir='ltr'>valeret,</span> <span class='ocrx_word' id='word_1_284' title='bbox 697 4855 735 4916; x_wconf 93' lang='lat' dir='ltr'>ut</span> <span class='ocrx_word' id='word_1_285' title='bbox 750 4871 832 4936; x_wconf 89' lang='lat' dir='ltr'>quos</span> <span class='ocrx_word' id='word_1_286' title='bbox 854 4849 1031 4920; x_wconf 88' lang='lat' dir='ltr'>consimilis</span> <span class='ocrx_word' id='word_1_287' title='bbox 1047 4852 1151 4920; x_wconf 86' lang='lat' dir='ltr'>forma</span> <span class='ocrx_word' id='word_1_288' title='bbox 1170 4855 1457 4943; x_wconf 82' lang='lat' dir='ltr'>consumptionum</span> <span class='ocrx_word' id='word_1_289' title='bbox 1471 4861 1507 4922; x_wconf 93' lang='lat' dir='ltr'>et</span> 
     </span>
    </p>
   </div>
   <div class='ocr_carea' id='block_1_12' title="bbox 0 0 1800 5874">
    <p class='ocr_par' dir='ltr' id='par_1_15' title="bbox 0 0 1800 5874">
     <span class='ocr_line' id='line_1_43' title="bbox 0 0 1800 5874; baseline 0 0"><span class='ocrx_word' id='word_1_290' title='bbox 0 0 1800 5874; x_wconf 95' lang='lat' dir='ltr'> </span> 
     </span>
    </p>
   </div>
  </div>
 </body>
</html>
