3610 5890
299 1035 369 1086 an.
384 1043 454 1105 rara

299 1112 389 1157 -1353,

298 1653 426 1704 Peualties

297 1719 338 1768 for
348 1722 446 1784 neglect

469 849 513 918 78
659 865 862 914 missenus
885 865 932 912 nn
954 865 1188 926 numeneus,
1213 863 1327 914 sense.

468 1033 605 1121 singulis
635 1035 758 1114 diebus,
783 1037 803 1100 3
835 1033 951 1099 diebus
982 1033 1019 1098 in
1049 1056 1137 1100 anno
1167 1035 1344 1100 dumtaxat
1366 1033 1521 1120 exceptis,

467 1137 538 1202 sine
572 1142 654 1202 nota
686 1141 845 1224 perpetuo
880 1136 1118 1218 celebrandam,
1150 1159 1210 1224 pro
1244 1138 1417 1203 animabus
1455 1138 1521 1201 Ro-

467 1239 554 1304 berti
569 1239 609 1304 de
625 1239 829 1324 Fysohelake
844 1242 879 1303 et
901 1239 1133 1326 praedictorum
1148 1239 1283 1305 Thomas
1298 1243 1334 1304 et
1348 1239 1372 1304 J
1374 1239 1521 1316 ohannis,

467 1364 542 1427 quae
564 1341 713 1428 quotidie
736 1363 796 1428 pro
825 1341 1000 1407 animabus
1031 1343 1179 1407 omnium
1209 1342 1358 1407 fidebam
1388 1342 1523 1408 defune-

467 1453 577 1508 torum
599 1443 642 1508 ad
665 1444 770 1508 altaro
792 1443 836 1508 ed
858 1444 918 1508 hoc
934 1444 1129 1530 deputatum
1154 1444 1346 1510 celebratur.
1393 1442 1522 1530 Inque

467 1547 600 1631 quidem
621 1547 730 1627 missa,
753 1546 861 1632 prima
892 1545 1029 1612 collecta
1059 1547 1114 1612 vel
1145 1546 1290 1612 secunda
1319 1545 1365 1610 sit
1394 1567 1522 1632 semper

468 1654 485 1681 “
508 1647 662 1714 Inclina”
709 1646 764 1712 Ad
787 1669 887 1734 quam
902 1649 1083 1714 cantariam
1104 1647 1363 1714 continuandam
1378 1652 1413 1713 et
1434 1669 1522 1712 oom-

363 1804 376 1837 e
466 1749 621 1835 plendam
643 1749 863 1836 obligavimus
886 1771 947 1815 nos
970 1755 1005 1816 et
1031 1771 1228 1816 successores
1251 1754 1378 1816 nostros
1400 1748 1521 1836 imper-

297 1869 347 1902 ma
466 1856 612 1937 petuum,
635 1852 697 1917 sub
728 1851 789 1917 hac
814 1851 971 1918 videlicet
1005 1875 1125 1938 poena;
1162 1853 1251 1939 quod
1285 1852 1314 1918 ei
1345 1851 1522 1938 contigerit

465 1975 534 2034 nos,
550 1977 609 2041 per
630 1953 869 2041 negligentiam
891 1959 1040 2020 nostram
1062 1955 1118 2020 vel
1133 1955 1305 2036 melitium,
1321 1977 1381 2042 per
1394 1955 1522 2040 aliquos

465 2056 535 2120 dies
556 2057 729 2122 continuos
745 2057 786 2122 de
808 2055 967 2144 predicta
989 2059 1139 2122 cantaria
1154 2057 1292 2124 deficere
1312 2057 1366 2122 vel
1387 2078 1521 2144 cessare,

465 2178 525 2244 pro
548 2157 695 2244 qualibet
717 2157 789 2223 vioe
819 2159 1072 2244 interruptionis
1102 2159 1293 2246 hujusmodi
1324 2162 1367 2223 40
1399 2157 1520 2224 solidos

465 2257 699 2346 sterlingorum
736 2260 916 2326 conventui
951 2259 1091 2328 Oxoniae
1126 2261 1252 2327 ordinis
1283 2261 1399 2342 nostri,
1433 2259 1521 2324 infra

465 2383 610 2427 mensem
632 2362 676 2427 ab
698 2361 887 2448 hujusmodi
909 2361 1161 2450 interruptione,
1176 2365 1248 2430 sine
1269 2363 1412 2450 strepitu
1430 2363 1521 2448 judi-

464 2463 548 2544 ciali,
572 2465 697 2531 solvere
719 2469 900 2530 teneamur.
947 2465 1238 2552 Concessimusque
1256 2465 1344 2551 quod
1367 2464 1520 2530 dominus

466 2566 567 2652 Hugo
589 2566 768 2632 monachus
791 2565 952 2646 Cistercii,
975 2571 1057 2633 tunc
1084 2568 1174 2654 apud
1190 2566 1419 2653 Scardburghe
1433 2587 1519 2632 eom-

465 2689 604 2748 morans,
622 2669 730 2753 judex
752 2689 850 2756 super
872 2689 933 2734 nos
954 2690 1015 2755 pro
1041 2669 1113 2755 ipso
1139 2674 1288 2756 tempore
1309 2689 1369 2756 per
1390 2673 1520 2734 nosmet

465 2773 553 2858 ipsos
587 2771 800 2851 constitutus,
838 2771 931 2857 cujus
964 2771 1158 2837 auctoritati
1189 2793 1250 2836 nos
1283 2791 1343 2858 pro
1374 2773 1455 2836 tunc
1485 2775 1520 2836 et

465 2895 592 2960 semper
622 2869 857 2938 submisimus1
890 2874 927 2937 in
960 2872 1022 2938 hae
1053 2878 1157 2959 parte,
1180 2893 1241 2940 nos
1274 2878 1309 2939 et
1341 2873 1521 2959 quemlibet

464 2979 614 3040 nostrum
637 2981 671 3042 et
701 2996 924 3042 suceessorum
959 2981 1148 3042 nostrorum
1182 2975 1226 3041 ad
1255 2975 1519 3042 observationem

464 3077 561 3144 diotre
582 3077 738 3145 cantariee
767 3101 826 3166 per
856 3077 1206 3144 excommunicationis
1231 3077 1365 3164 majoris
1388 3081 1519 3143 senten-

464 3181 546 3246 tiam
572 3179 753 3268 astringere
776 3185 894 3267 possot,
920 3178 1069 3247 aretare⁹
1098 3185 1133 3246 et
1148 3179 1372 3246 condemnare.
1418 3178 1520 3244 Unde

463 3282 552 3348 idem
590 3284 742 3348 dominus
779 3283 880 3370 Hugo
917 3283 1097 3350 monachus
1129 3281 1260 3370 judex,³
1299 3283 1336 3348 in
1373 3281 1519 3368 capitulo

463 3390 585 3463 nostre,
624 3385 780 3450 abbatem
814 3389 966 3451 nostrum
998 3389 1034 3450 et
1071 3388 1273 3451 conventum
1304 3405 1413 3449 coram
1446 3383 1518 3469 ipso

464 3491 690 3573 comparentes
736 3486 798 3552 sub
843 3509 943 3575 poena
985 3485 1332 3554 excommunicationis
1376 3486 1518 3572 majoris,

464 3609 565 3674 quam
602 3587 639 3652 in
676 3610 847 3675 personam
881 3589 1015 3656 abbatis
1046 3593 1081 3656 et
1114 3589 1332 3678 singularium
1365 3609 1519 3676 persona-

464 3711 538 3754 mm
565 3695 749 3756 conventus
775 3689 874 3776 hujus
898 3691 1090 3757 monasterii
1115 3693 1173 3778 qui
1193 3697 1275 3758 tuno
1300 3692 1435 3758 fuerunt
1465 3691 1518 3756 vel

463 3792 588 3858 fuerint
632 3794 670 3858 in
706 3794 866 3872 futurum,
903 3795 961 3881 qui
998 3792 1192 3880 praedictam
1229 3791 1411 3860 canariam
1452 3813 1519 3858 non

464 3897 676 3976 servaverint,
715 3897 769 3962 vel
806 3919 878 3963 eam
915 3897 1118 3964 violaverint
1153 3913 1211 3963 seu
1248 3895 1519 3963 contraveneriut

463 3999 668 4085 negligenter
689 3999 744 4065 vel
767 4000 940 4078 malitiose,
964 4000 1174 4087 exigentibus
1206 3997 1330 4065 nostris
1361 3997 1456 4085 culpa
1484 4001 1518 4062 et

463 4101 673 4188 negligentia,
708 4102 864 4167 canonica
893 4103 1074 4168 monitione
1108 4101 1285 4189 praemisse,
1317 4101 1518 4167 sententiam

463 4209 498 4268 et
535 4204 843 4270 condemnationem
883 4205 921 4268 in
968 4203 1099 4290 seriptis
1141 4203 1224 4269 tulit
1237 4202 1270 4284 3⁴
1316 4204 1516 4290 exceptione,

463 4305 645 4394 privilegiu,
669 4309 798 4372 statuto
827 4302 919 4371 ”vel'
944 4305 1198 4393 dispensatione,
1220 4305 1346 4372 habitis
1375 4306 1431 4372 vel
1460 4303 1518 4370 ha-

497 4577 504 4609 ¹
522 4577 686 4644 wtmramur]
704 4575 921 4638 submittemus,
933 4573 962 4626 P.
1008 4575 1084 4626 sionis
1104 4583 1129 4627 et
1148 4575 1349 4642 consignationis
1366 4575 1510 4626 indentura-

498 4689 636 4757 ²⁰⁷⁰i⁰²²l
656 4689 859 4742 WmMsS'
1008 4653 1136 4802 millite]
1150 4731 1295 4797 serebatP.
1325 4733 1513 4785 Thessessienee

496 4813 507 4846 ³
524 4815 599 4866 Alter
609 4815 690 4879 judex
702 4816 789 4876 insert,
806 4813 846 4866 die
862 4828 963 4866 conces-
1007 4813 1030 4864 is
1041 4811 1180 4878 imperfect.
