3614 5888
463 873 526 936 132
559 957 562 966 Ι
660 883 837 934 nosnnrus
859 883 968 933 ssnss
990 883 1119 934 snxrus
1141 883 1305 934 nnoruns

294 1069 363 1121 AD.
377 1076 440 1121 isse
460 1057 504 1123 ad
534 1056 677 1124 officium
708 1080 898 1124 carucarum
932 1058 1108 1124 conductos
1139 1081 1159 1122 a
1189 1058 1324 1123 servitio
1358 1057 1503 1142 ipsorum

293 1141 384 1190 ⁴³⁶⁷·
460 1159 624 1226 solanus
654 1165 689 1226 es
719 1161 878 1226 willermi
912 1161 948 1226 vs
980 1161 1119 1247 cepisses
1153 1165 1188 1227 es
1225 1157 1506 1238 retinuissem

459 1263 616 1328 damnum
649 1263 905 1349 uniuscujusque
939 1285 1051 1328 eorum
1083 1268 1216 1329 eentum
1248 1261 1436 1339 solidorum,
1469 1261 1506 1324 in

293 1376 330 1498 tiis
330 1377 424 1496 ³13&
425 1461 439 1496 e
459 1369 684 1454 contemptum
707 1365 794 1453 regis
816 1370 851 1431 ot
876 1365 1049 1431 bominum
1079 1387 1221 1446 suorum,
1244 1387 1282 1431 ao
1304 1370 1420 1431 eontra
1433 1363 1507 1531 {or-

294 1512 430 1631 sml.
459 1468 1507 1652 llttlltftllllfflllstttlffl

293 1685 437 1736 sueabbot
459 1673 703 1738 servandorum.
750 1672 850 1739 Unde
881 1695 955 1739 eum
985 1673 1138 1740 dominus
1160 1678 1272 1740 noster
1293 1673 1403 1749 abbas,
1449 1691 1509 1735 na-

293 1753 416 1816 'u‘ffl‘ffi’'
461 1775 537 1840 dam
560 1776 613 1840 die
635 1776 723 1862 apud
747 1727 920 1842 Hedoiram
953 1797 1028 1841 oum
1043 1777 1250 1842 auditoribus
1273 1775 1401 1840 domini
1421 1694 1508 1860 ilegis

293 1818 448 1936 iiiiii?
460 1881 494 1944 u
517 1877 666 1944 resana
687 1877 765 1944 finae
788 1899 866 1959 suae,
889 1828 971 1944 su'ne
1001 1878 1184 1945 sominium
1216 1878 1257 1942 ae
1289 1877 1509 1942 nonense

292 1951 415 2081 ἒξὶζῖω
459 1979 504 2046 ad
525 1985 632 2046 totam
653 1980 761 2045 vitam
790 2003 883 2046 susm
914 1980 1105 2060 detinentis,
1131 1981 1175 2045 ad
1204 1977 1451 2046 deliberandum
1474 1982 1509 2042 et

293 2098 390 2134 mser
398 2084 441 2134 1¹¹0
459 2081 670 2148 tractandum
693 2103 790 2169 super
820 2083 997 2170 praemissis
1026 2083 1243 2163 convenisset,
1266 2103 1326 2169 per
1351 2102 1451 2168 equos
1473 2081 1510 2144 in

293 2151 356 2214 ΡΜ
461 2184 582 2271 quibus
602 2183 673 2270 ipse
696 2189 731 2249 et
762 2185 814 2249 sui
845 2185 1044 2270 equitabant
1073 2185 1275 2250 attaehiatus
1297 2184 1363 2249 fuit
1385 2185 1429 2248 sd
1459 2204 1511 2247 re·

460 2286 687 2372 spondendum
703 2286 834 2352 domino
849 2287 919 2374 regi
941 2293 975 2354 et
991 2287 1140 2375 praefatis
1159 2288 1183 2353 J
1185 2287 1317 2366 ohsnni,
1332 2285 1508 2363 Willelmo,

460 2388 596 2454 Thomae
618 2393 652 2452 et
674 2387 848 2469 Willelmo,
872 2411 970 2476 super
999 2391 1147 2456 articulis
1176 2389 1368 2477 praelibatis.
1422 2388 1508 2474 Equi

461 2495 573 2556 temen
609 2489 672 2576 ipsi
709 2490 752 2554 ad
790 2492 973 2558 manerium
1010 2492 1052 2558 de
1089 2493 1271 2579 Brustwyk
1307 2489 1510 2578 imparoandi

461 2593 674 2670 ducebantur,
708 2597 743 2658 et
776 2593 878 2660 abbas
910 2599 1023 2660 noster
1056 2616 1156 2681 equos
1193 2595 1275 2660 alios
1312 2615 1356 2660 ex
1392 2598 1510 2658 mutuo

293 2699 408 2752 f·11⁶b·
461 2701 636 2781 surreperet,
668 2695 705 2759 in
741 2695 862 2781 quibus
895 2697 938 2762 ad
975 2697 1211 2762 monasterium
1242 2696 1409 2762 remeavit.
1453 2693 1509 2758 Ad

294 2797 549 2863 Pleaofshediem
571 2818 649 2884 ergo
671 2798 856 2884 praefixum,
880 2798 923 2864 ad
953 2799 1179 2886 plaoitandum
1209 2821 1307 2886 super
1334 2796 1510 2884 praemissis

294 2870 433 3002 fflge*
460 2899 549 2988 apud
587 2898 762 2964 Hedonam
800 2901 946 2981 veniens,
984 2902 1087 2967 abbas
1124 2922 1233 2968 eoram
1267 2900 1431 2966 Willelmo
1468 2898 1510 2963 de

294 3001 400 3052 himself
461 3001 697 3088 Belkethorpia
734 3007 769 3068 et
803 3003 897 3068 sociis
929 3003 1005 3082 suis,
1035 3003 1226 3090 justitiariis
1258 3003 1383 3068 domini
1415 3002 1511 3088 regis,

293 3069 441 3202 libiz-to
460 3104 569 3191 quoad
586 3109 752 3170 statutum
774 3111 809 3171 et
832 3105 1073 3172 ordinationem
1100 3105 1268 3193 praediota,
1289 3101 1510 3192 respondens,1

294 3201 442 3336 gebffiz
460 3207 530 3272 vim
563 3207 831 3293 transgressionis
865 3207 1071 3287 defendebat,
1104 3212 1139 3273 et
1171 3207 1309 3272 ulterius
1340 3206 1511 3293 respondit

460 3309 697 3500 essu
713 3308 1256 3498 {sustulimus
1270 3315 1317 3478 l
1336 3309 1510 3498 llis

295 3469 435 3519 ovnsera.
462 3514 552 3599 quod
580 3513 645 3599 ipsi
673 3513 853 3594 lohannes,
877 3513 1070 3592 Willelmus,
1095 3513 1237 3579 Thomas
1260 3519 1294 3579 et
1317 3513 1510 3590 Willelmus,

462 3616 597 3681 luerunt
618 3615 728 3680 nativi
749 3615 853 3701 ipsius
883 3616 1013 3681 abbatis
1039 3617 1146 3682 nostri
1169 3621 1203 3681 et
1226 3616 1367 3682 eeclesiae
1389 3621 1510 3680 nostres

463 3718 504 3782 de
526 3718 638 3797 Melso,
661 3723 696 3782 et
717 3718 806 3803 quod
835 3717 906 3805 ipse
936 3718 1038 3784 abbas
1072 3724 1107 3784 et
1139 3719 1392 3806 praedeoessoras
1418 3717 1469 3783 sui
1490 3739 1512 3782 a

464 3825 609 3908 tempore
632 3842 697 3908 quo
719 3843 786 3886 non
809 3817 948 3886 extitit2
970 3825 1051 3886 tuno
1071 3820 1227 3886 memoria
1250 3821 1354 3886 seisiti
1376 3821 1511 3886 filerunt

465 3925 507 3988 de
528 3925 675 4011 praefatis
697 3923 720 3988 J
723 3924 859 4005 ohanne,
876 3923 1052 4004 Willelmo,
1075 3923 1201 3989 Thoma
1222 3927 1257 3988 et
1279 3921 1453 4002 willelmo,
1476 3930 1512 3992 et

465 4025 724 4091 anteoessoribus
746 4026 823 4106 suis,
845 4032 886 4092 ut
908 4027 948 4092 de
977 4021 1102 4092 natiuis
1131 4027 1199 4092 suis
1225 4031 1261 4093 et
1281 4027 1422 4093 eoelesiae
1443 4049 1511 4092 sure

464 4129 630 4215 praediotae
653 4128 694 4194 de
717 4129 828 4198 Melea.
873 4129 973 4195 Unde
1003 4129 1104 4194 abbas
1134 4127 1270 4195 noster³
1292 4130 1413 4216 petivit
1435 4129 1512 4194 inde

298 4227 447 4280 Adminion
459 4231 630 4316 judicium,
653 4232 681 4296 si
703 4232 783 4318 ipsis
805 4232 841 4296 in
863 4233 924 4297 hso
949 4237 1043 4318 parte
1069 4231 1204 4297 deberet
1225 4231 1421 4320 responderi.
1466 4232 1512 4296 Et

296 4293 646 4424 ζῖξῑξζξῗζῃρτωεοτὶρὺί
675 4332 854 4411 Jobannes,
877 4333 1070 4412 Willelmus,
1094 4333 1235 4399 Thomas
1257 4341 1291 4400 et
1317 4333 1511 4412 Willelmus,

464 4436 535 4501 Deo
557 4440 732 4512 annuente,
757 4436 851 4520 quasi
877 4433 1080 4522 improviso¹
1104 4436 1299 4524 singillatim
1321 4437 1511 4516 examinati,

498 4662 505 4695 ¹
523 4661 679 4728 ww]
699 4659 918 4726 ΓΘὸΡῡῐὶᾱῙῑ,θῒιΡ·
1043 4663 1054 4696 ³
1074 4663 1168 4715 Unde.
1188 4702 1195 4716 .
1212 4703 1242 4717 ..
1262 4703 1268 4717 .
1286 4666 1378 4732 noster]
1409 4667 1440 4716 at
1458 4665 1512 4730 ipse

497 4741 508 4774 ²
524 4743 604 4792 estias
616 4740 686 4805 tuno]
705 4748 794 4796 exstat.
806 4740 835 4789 P.
1010 4751 1149 4794 attornatus
1160 4753 1251 4803 noster,
1269 4745 1298 4794 P.
