3578 5874
451 859 516 922 212
627 869 827 920 urrannuus
851 870 957 920 Asela
980 872 1134 920 ocrsm'a
1157 873 1315 922 nacrrrus.

284 1055 353 1108 ΑΙ).
367 1059 430 1107 rara
451 1049 634 1114 coassedere
658 1049 815 1114 debuerat
845 1047 982 1126 rediens,
1006 1047 1162 1113 continuo
1184 1047 1291 1114 fuerat
1320 1049 1491 1114 arestatus,

284 1128 375 1176 '¹³⁹⁶'
450 1157 485 1218 et
518 1152 594 1218 inde
629 1152 671 1217 ad
701 1151 898 1218 Hiberniam
930 1150 967 1214 in
997 1149 1133 1215 exilium
1165 1150 1283 1216 missus
1322 1169 1489 1234 nunquam

284 1256 348 1308 Plee
358 1258 389 1308 or
398 1259 441 1309 the
451 1255 591 1342 amplius
617 1255 766 1319 incuria
794 1251 1009 1340 comparebat
1057 1251 1200 1318 Veniens
1227 1275 1304 1340 ergo
1333 1251 1434 1316 abbas
1456 1249 1491 1312 in

283 1325 366 1374 ‘M
450 1355 645 1422 scaccarium
667 1376 725 1444 per
747 1359 951 1421 attornatum
966 1351 1085 1432 suum,¹
1100 1352 1231 1420 dicebat
1253 1353 1341 1440 quod
1367 1353 1436 1438 ipse
1458 1355 1492 1414 et

450 1457 698 1545 praedecessores
712 1455 763 1522 sui
785 1456 972 1520 habuerunt
987 1460 1215 1522 attenuarunt
1234 1455 1358 1520 dictum
1381 1473 1491 1518 mane-

450 1561 537 1625 rium
560 1559 601 1625 de
631 1559 793 1644 Slryrena,
815 1579 886 1624 curn
916 1557 1067 1622 omnibus
1099 1557 1309 1643 pertinentiis
1331 1555 1407 1636 suis,
1437 1575 1492 1618 ex-

451 1669 544 1750 cepto
559 1683 626 1727 uno
648 1659 812 1748 mesuagio
827 1665 861 1726 et
884 1658 1051 1724 dbovatia
1073 1665 1171 1724 terrae
1189 1680 1262 1724 cum
1285 1655 1490 1745 pertinentiis

450 1765 487 1828 in
513 1764 626 1829 eadem
656 1763 843 1848 villaque>
865 1760 1063 1826 tenebantur
1086 1761 1126 1824 de
1149 1761 1306 1846 praedioto
1336 1758 1489 1834 manerio,

449 1866 486 1930 in
508 1886 623 1953 puram
651 1886 688 1930 aa
710 1868 902 1950 perpetuam
933 1862 1182 1947 eleemosynam,
1209 1883 1230 1926 a
1251 1867 1324 1926 toto
1346 1869 1490 1945 ternpore

449 1973 524 2054 post
546 1973 708 2033 statutum
738 1966 778 2031 de
800 1965 961 2052 religiosis
982 1965 1106 2030 factum
1136 1968 1171 2030 et
1198 1969 1317 2044 antea;
1350 1969 1384 2028 et
1405 1963 1491 2047 quod

448 2069 583 2155 quidam
605 2069 707 2134 abbas
729 2067 942 2155 praedecessor
963 2087 1041 2131 suus
1053 2063 1066 2103 ²
1079 2065 1220 2130 tradidit
1241 2071 1276 2131 et
1297 2065 1340 2130 ad
1362 2065 1491 2128 firmam

449 2169 576 2236 dimisit
613 2169 808 2256 praedictum
845 2169 1025 2234 manerium
1068 2189 1142 2232 cum
1180 2166 1389 2254 pertinentiis
1426 2165 1492 2231 suis

449 2271 593 2338 Roberto
616 2272 657 2336 de
681 2270 840 2355 Hyltona,
863 2271 1034 2349 chevalier,
1057 2269 1101 2334 ad
1122 2270 1300 2334 terminum
1324 2271 1367 2333 24
1389 2289 1492 2332 anno-

448 2395 531 2438 rum.
581 2374 645 2452 Qui
668 2372 800 2458 quidem
817 2371 980 2438 Robertus
995 2371 1036 2436 de
1051 2371 1205 2456 Hyltona
1225 2371 1333 2437 senior
1348 2391 1491 2436 sursum·

448 2473 594 2540 reddidit
627 2474 820 2560 praedictum
850 2473 1031 2538 manerium
1069 2495 1143 2538 cum
1177 2473 1388 2560 pertinentiis
1424 2472 1490 2537 auis

448 2576 586 2662 praefato
608 2581 688 2640 tuno
718 2575 831 2640 abbati
865 2581 900 2640 et
929 2575 1163 2641 successoribus
1200 2574 1274 2640 suis.
1332 2575 1490 2660 Quodque

449 2677 563 2743 Simon
595 2678 635 2743 de
666 2677 868 2762 Northorpia
899 2678 939 2742 de
971 2676 1120 2762 Skyrena
1150 2677 1242 2742 dedit
1272 2683 1307 2742 ct
1335 2678 1490 2743 concessit

448 2780 604 2866 praedicta
635 2779 837 2866 mesuagium
867 2785 902 2851 et
940 2783 961 2842 4
991 2779 1126 2844 bovatas
1155 2783 1252 2845 terrm
1285 2800 1360 2844 curn
1390 2779 1487 2865 perti-

448 2881 570 2947 nentiis
603 2882 640 2946 in
663 2881 816 2967 Skyrena
848 2881 976 2946 cuidam
1007 2880 1121 2946 abbati
1155 2881 1381 2968 praedecessori
1409 2881 1488 2945 dicti

448 2985 577 3050 abbatis
593 2983 759 3062 willelmi,
774 2983 925 3048 habenda
947 2983 1061 3048 sibiet
1083 2983 1319 3048 successoribus
1333 2983 1407 3048 suis.
1445 2983 1490 3046 Et

447 3087 587 3152 ulterius
618 3086 746 3152 dicebat
774 3086 941 3151 licentiam
977 3105 1158 3150 concessam
1195 3085 1295 3150 fuisse
1328 3108 1387 3172 per
1425 3085 1491 3150 Ed-

447 3190 595 3254 wardum
618 3209 727 3274 regem
743 3187 831 3252 dicto
846 3187 972 3252 Simoni
995 3187 1072 3252 dare
1094 3193 1128 3252 et
1142 3186 1307 3273 assignare
1328 3187 1443 3252 abbati
1458 3192 1491 3251 et

447 3292 625 3356 conventui
648 3290 688 3354 de
705 3289 808 3354 Melea
831 3289 921 3354 dicta
948 3287 1114 3374 mesuagio
1128 3293 1162 3354 et
1186 3289 1362 3354 lbovatas
1385 3296 1489 3368 terrae,

446 3400 482 3458 et
512 3393 633 3458 eisdem
658 3391 773 3456 abbati
803 3397 838 3456 et
866 3392 1044 3456 conventui
1071 3391 1249 3478 recipiendi
1279 3389 1421 3457 eadem³
1450 3393 1490 3456 de

446 3493 534 3558 dicto
557 3493 699 3570 Simone,
724 3493 867 3557 tenenda
889 3492 953 3556 sibi
976 3499 1010 3557 et
1034 3493 1268 3558 successoribus
1291 3494 1358 3559 suis
1373 3494 1490 3580 imper·

447 3601 605 3682 petuum3
638 3599 766 3658 statuto
798 3594 838 3659 de
869 3595 965 3659 terris
999 3604 1033 3659 et
1056 3595 1252 3660 tenementis
1282 3597 1324 3660 ad
1357 3618 1488 3661 manum

446 3701 609 3761 mortuam
641 3717 710 3760 non
739 3696 899 3781 ponendis
931 3697 1021 3760 edito
1047 3718 1114 3761 non
1148 3696 1309 3763 obstante.
1356 3698 1489 3784 Absque

445 3798 506 3864 hoc
529 3799 617 3886 quod
639 3798 816 3884 praedictus
849 3797 951 3862 abbas
973 3797 1159 3862 Willelmua
1183 3799 1238 3864 vel
1267 3799 1386 3886 aliquis
1409 3821 1490 3887 prae-

446 3901 649 3966 decessorum
672 3922 805 3965 suornm
828 3899 985 3986 praedicta
1014 3901 1207 3980 manerium,
1231 3901 1432 3988 mesuagium
1455 3911 1490 3966 et

445 4007 576 4078 terram,
600 4023 657 4067 seu
689 4001 833 4087 aliquam
856 4001 1030 4088 parcellam
1062 4002 1147 4080 inde,
1169 4003 1266 4069 aliter
1295 4003 1490 4090 perquisivit

444 4105 499 4170 val
532 4103 764 4192 appropriavit,
795 4111 893 4190 prout
927 4125 985 4188 per
1017 4105 1264 4189 inquisitionem
1298 4105 1489 4190 praedictam

444 4205 699 4293 supponebatur.
746 4205 791 4270 Et
814 4205 875 4270 hoc
897 4210 1034 4291 paratus
1055 4205 1120 4270 fuit
1142 4206 1310 4272 verificare
1335 4207 1490 4293 qualiter-

444 4330 572 4395 cunque
606 4309 802 4374 curia-etc.
857 4307 913 4371 Ad
947 4307 1035 4392 quod
1067 4307 1191 4373 dictum
1225 4309 1291 4374 fuit
1321 4331 1380 4395 pro
1404 4331 1488 4396 rege,

476 4623 483 4654 ¹
501 4639 554 4672 curm
565 4620 643 4671 aram
655 4657 662 4670 .
680 4657 686 4672 .
703 4619 786 4684 mum]
805 4618 876 4668 venit
886 4617 939 4666 dic·
962 4622 964 4687 fl
1024 4617 1035 4650 ‘¹'
1051 4619 1122 4684 saca]
1141 4617 1201 4670 dicti
1212 4619 1315 4682 abbatis,
1327 4620 1355 4670 P.

442 4708 481 4750 tua
492 4703 569 4752 abbas
585 4715 630 4764 per
646 4705 796 4750 ammarum
814 4712 887 4748 suum
906 4704 939 4756 et,
962 4704 964 4771 l
1024 4695 1145 4762 Μάνη]
1164 4697 1231 4748 dicta
1250 4697 1404 4762 mesuagium
1426 4707 1451 4748 et
1471 4705 1487 4746 4

441 4779 471 4828 P.
962 4790 964 4822 τ
991 4776 1093 4826 bovatas
1104 4785 1185 4838 terrae,
1197 4777 1227 4828 P.
