3614 5888
559 939 735 1000 nannenus
756 939 862 996 annm
885 939 1016 1000 annuus
1039 940 1200 998 nnomue.
1338 927 1400 993 115

220 1141 224 1150 ·
356 1133 515 1200 expensos
546 1113 743 1202 profusiores
776 1119 811 1182 et
839 1115 952 1184 licium
974 1115 1162 1193 amfractus,
1184 1110 1566 1189 evitandum,¹a.o.1sa

357 1234 430 1284 cram
464 1217 553 1288 dicto
584 1218 719 1286 domino
741 1218 908 1287 Willelmo
941 1219 1076 1288 tandem
1110 1216 1329 1294 concordavit,
1362 1220 1402 1280 ut
1413 1190 1505 1240 ‘¹³⁶⁷'

355 1316 425 1405 ipse
458 1319 612 1393 dominas
645 1321 833 1390 Willelmus
866 1322 1074 1392 renuntiaret
1110 1321 1263 1390 omnibus
1297 1340 1401 1406 quaes·

354 1421 510 1502 tionibus,
533 1413 867 1502 tolosanorum
896 1429 931 1495 ct
956 1425 1105 1516 querelis,
1128 1423 1237 1501 motis,
1261 1421 1402 1509 inceptis

354 1527 390 1590 et
420 1525 649 1612 pendentibus,
676 1526 714 1595 ln
743 1527 835 1598 curia
857 1531 973 1598 contra
994 1528 1191 1614 pradictum
1213 1525 1401 1596 Johanuem

355 1627 397 1695 de
419 1627 547 1724 Rysloy
568 1650 674 1716 nuper
702 1629 857 1704 abbatem
879 1635 915 1698 ct
944 1629 1120 1718 maiatum
1142 1628 1312 1698 domiuum
1335 1627 1402 1696 Ito-

355 1727 487 1804 bertum.
508 1735 591 1800 tunc
611 1731 776 1811 abbatem,
799 1732 968 1802 occasione
988 1733 1253 1818 premissorum
1276 1734 1310 1795 et
1331 1729 1402 1816 ipse

356 1831 510 1904 dommus
532 1833 719 1904 willelmus
749 1834 824 1906 idac
854 1835 992 1904 haberet
1013 1856 1176 1904 cameram
1197 1835 1234 1900 in
1263 1833 1403 1900 infirmi-

355 1935 441 2008 torio
463 1936 589 2010 dudum
622 1958 683 2024 pro
714 1935 849 2008 domino
872 1935 1018 2024 Hugone
1047 1936 1090 2003 de
1114 1936 1248 2005 Levana
1272 1934 1403 2004 ordino-

355 2041 434 2116 tam,
451 2042 486 2112 et
500 2059 645 2112 annuam
666 2039 859 2126 pensionem
874 2044 1007 2112 centum
1029 2039 1217 2116 solidorum,
1237 2060 1306 2106 una
1327 2059 1402 2106 eum

354 2139 449 2218 lecto,
472 2141 590 2211 habitu
611 2145 647 2215 et
678 2141 753 2210 aliie
784 2141 998 2221 indumentis,
1021 2143 1207 2230 peripsum
1232 2140 1403 2209 dominum

355 2239 560 2318 Willclmum
596 2242 635 2318 iu
671 2265 800 2318 cauom
836 2244 996 2332 praedicto
1033 2243 1188 2326 dimissis,
1223 2265 1291 2312 uno
1327 2265 1402 2312 cum

355 2343 451 2412 forali
472 2350 507 2414 et
537 2345 636 2414 litera
666 2369 727 2434 pro
749 2346 840 2416 dicta
870 2368 999 2418 camma
1029 2345 1215 2426 sufficienti,
1237 2353 1272 2414 et
1294 2347 1323 2414 si
1345 2345 1403 2412 illa

355 2469 423 2520 nun
453 2454 562 2522 suat
594 2448 690 2522 velat·
726 2470 838 2520 comm
873 2448 936 2518 sibi
967 2449 1208 2529 restitueretur,
1243 2452 1263 2516 8
1301 2448 1402 2514 libres

354 2549 588 2623 menerual
609 2552 748 2640 singulis
770 2551 897 2631 diebus,
920 2551 986 2619 duc
1018 2553 1166 2622 corrodia
1196 2552 1400 2624 monachalia

354 2654 391 2718 iu
412 2675 508 2741 pane,
530 2658 623 2742 potu,
646 2654 860 2742 companagio
890 2659 926 2724 ct
947 2654 1021 2722 aliis
1042 2655 1241 2734 necessmiie,
1263 2655 1402 2743 singulis

353 2756 480 2840 diebus,
514 2779 620 2824 unum
653 2757 852 2824 monachum
886 2758 1137 2824 commensalem
1174 2759 1403 2825 communibus

353 2859 502 2926 cestibus
539 2859 802 2940 aretentandum
839 2881 945 2925 unum
981 2861 1177 2928 servitorem
1214 2861 1402 2928 saecularem

355 2963 412 3050 qui
444 2966 578 3040 tantum
609 2962 769 3050 reciperet
798 2962 889 3036 omni
923 2962 986 3042 die,
1018 2963 1054 3028 in
1084 2963 1179 3036 victu
1208 2969 1243 3034 ct
1276 2965 1402 3032 vestitu

354 3070 390 3140 et
415 3064 489 3135 uiis
522 3064 721 3143 mccaaaffla
752 3064 937 3142 annuatim,
959 3069 1123 3150 quantum
1156 3064 1403 3152 palefrmnarius

355 3167 480 3242 domini
502 3167 653 3246 abbatim
678 3171 713 3237 et
734 3171 775 3244 ut
805 3167 876 3254 ipse
911 3165 1088 3258 dominunl
1111 3167 1297 3236 Willelmus
1329 3190 1403 3254 per-

354 3275 454 3357 petuo
476 3274 711 3336 exoneraretur
732 3269 775 3336 ab
797 3270 888 3336 omni
910 3266 1032 3336 seetae⁴
1053 3269 1290 3357 prosecutione,
1312 3269 1402 3338 labo-

353 3373 445 3439 ribus
476 3377 511 3440 et
544 3371 697 3440 oneribus
730 3372 878 3460 claustri,
914 3371 1014 3452 chori,
1045 3371 1192 3460 capituli,
1214 3394 1251 3437 ae
1282 3372 1403 3448 intitu-
1468 3387 1471 3392 “

354 3476 478 3542 latione
510 3475 636 3544 tabulae
668 3473 883 3562 capitularis;
911 3473 1091 3565 liceretque
1113 3473 1186 3555 eibi,
1209 3475 1337 3562 quoties
1367 3479 1402 3540 et

355 3579 487 3672 quando
521 3578 632 3666 vellet,
666 3581 836 3666 assumpto
869 3598 980 3650 seeum
1010 3577 1171 3648 servitore
1204 3600 1272 3658 suo,
1306 3582 1402 3646 extra

354 3687 449 3770 septa
479 3680 673 3748 monasterii
710 3680 758 3746 ire
793 3680 983 3769 spatiatum,
1018 3681 1099 3746 dum
1135 3685 1249 3747 tamen
1286 3681 1401 3748 eadem

353 3789 450 3851 noete
486 3788 717 3864 reverteretur,
755 3787 790 3849 et
827 3781 914 3848 infra
951 3787 1045 3878 septa
1082 3784 1274 3852 monosterii
1309 3783 1403 3880 loqui

354 3910 428 3954 eum
451 3907 646 3974 quocumque
668 3884 818 3952 saeculari
840 3885 904 3952 sibi
926 3886 1071 3982 placeret
1083 3909 1091 3966 3
1121 3890 1163 3966 et,
1187 3885 1320 3977 quando
1342 3909 1402 3976 pro

355 3990 555 4056 recreatione
588 4011 648 4054 sua
679 3988 735 4055 vel
765 3987 831 4054 alia
864 3987 982 4076 quavis
1014 4009 1111 4054 eausa
1143 3994 1237 4054 extra
1273 4011 1402 4056 monas-

354 4093 475 4159 terium
497 4091 646 4188 equitare
667 4089 777 4169 vellet,
799 4089 1023 4176 equitaturam
1053 4089 1094 4156 de
1118 4090 1250 4156 stabulo
1271 4091 1402 4156 abbatis

355 4217 415 4282 pro
436 4216 471 4261 ec
502 4199 537 4260 et
567 4194 634 4259 alia
666 4193 807 4259 honesta
839 4213 978 4278 persona
1008 4192 1145 4258 haberet
1167 4192 1402 4275 sufficientem

354 4297 556 4384 haberetque
589 4297 707 4375 locum,
736 4295 870 4361 stallum
903 4299 938 4360 et
970 4295 1119 4382 gradum,
1141 4301 1217 4382 poet
1248 4297 1403 4363 abbatem
1415 4310 1494 4363 trra
1505 4309 1529 4362 b.

354 4399 392 4466 in
422 4401 528 4480 choro,
560 4399 705 4487 capitulo
741 4403 776 4464 ct
809 4397 963 4464 omnibus
997 4398 1073 4464 aliis
1105 4398 1208 4488 locis;
1251 4400 1403 4496 quodque

387 4619 565 4686 muamus]
591 4617 723 4670 suanos
743 4616 773 4671 a
793 4617 855 4673 aa
939 4616 1087 4684 masso]
1106 4617 1299 4685 magar.

354 4699 384 4750 M

385 4699 489 4832 §svm
498 4775 747 4833 amansium
757 4789 856 4831 mn»
940 4763 1051 4831 ⁴⁸lm]
1070 4763 1227 4826 mainfi-

354 4861 449 4925 aar.

1202 4941 1273 5003 112
