3610 5890
589 897 686 946 nuso
709 895 817 948 assas
839 900 992 960 omarus
1014 901 1177 952 nneruus.
1361 887 1403 950 69

350 1071 549 1160 pestilentiae
587 1073 780 1158 superstites
818 1071 956 1140 filerunt
993 1073 1161 1138 reservati.
1223 1073 1289 1140 Sed
1327 1084 1569 1164 postillarum.

349 1173 555 1241 saecularmm
580 1174 698 1240 funera
729 1175 793 1261 ipsi
828 1175 1000 1263 capellani,
1023 1180 1064 1241 ut
1098 1175 1190 1262 prius
1224 1177 1345 1256 caeteri,
1365 1179 1403 1244 in

349 1277 421 1368 ipen
451 1274 644 1364 pestilentia
674 1276 810 1344 firerunt
841 1277 1001 1344 devorati.
1047 1277 1194 1342 Tantum
1217 1283 1329 1346 antem
1351 1281 1403 1345 in-

348 1379 537 1446 valescebat
559 1379 632 1466 ipsa
661 1379 852 1466 pestilentia
874 1385 914 1446 ut
935 1379 1086 1446 homines
1107 1381 1280 1466 utriusque
1303 1403 1401 1448 sexus

347 1503 406 1568 per
438 1481 565 1568 plateas
598 1481 798 1560 insedentes,
820 1487 855 1548 et
885 1483 929 1547 ad
959 1481 1109 1548 eeclesias
1131 1487 1248 1548 euntes
1271 1505 1328 1548 seu
1351 1507 1401 1550 re-

345 1583 494 1662 deuntes,
511 1581 622 1649 subito
637 1581 843 1664 ceciderunt3
865 1589 905 1650 ut
928 1584 965 1648 in
987 1583 1284 1651 innumerabilibus
1306 1609 1399 1651 men-

345 1684 506 1752 siuneulis
528 1689 564 1752 et
585 1685 675 1752 villis
705 1685 868 1773 plerisque
898 1708 984 1751 unus
1007 1691 1172 1773 superstes
1194 1709 1262 1752 non
1285 1688 1398 1754 dimit-

344 1793 479 1856 teretur.
524 1789 614 1854 Ante
646 1810 748 1874 quam
778 1789 1003 1875 pestilentiam
1037 1789 1144 1854 sicin
1167 1789 1291 1876 Anglia
1313 1804 1530 1876 pras-Prodere

344 1891 582 1970 dominantem,
607 1913 682 1957 oum
705 1913 725 1956 a
747 1890 871 1956 finibus
893 1890 968 1956 aliis
990 1891 1169 1971 audiretur,
1192 1913 1338 1978 proceres
1360 1874 1546 1992 etflfflffll

343 1993 468 2058 milites
489 1991 584 2080 regni
607 1991 739 2080 Angliae
763 1992 804 2058 de
827 1992 967 2080 praefata
989 1991 1081 2058 clade
1103 2015 1172 2058 non
1195 1996 1393 2080 compuncti,
1406 2005 1496 2071 higher

341 2096 379 2161 in
412 2093 552 2161 diversis
585 2093 779 2160 civitatibus
809 2098 844 2159 et
874 2094 964 2158 villis
986 2094 1080 2181 regni
1103 2095 1327 2161 torniamenta
1358 2073 1505 2162 etdm·

341 2197 524 2264 hastiludia
557 2195 806 2284 componebant,
839 2196 966 2260 vocatis
1000 2197 1043 2262 ed
1079 2195 1150 2263 haec
1187 2197 1391 2277 dominabus,

340 2299 510 2382 matronis,
526 2303 561 2365 et
582 2298 656 2363 aliis
678 2297 871 2365 mulieribus
893 2297 1066 2385 generosis
1113 2299 1182 2363 Nee
1197 2298 1263 2364 fuit
1278 2303 1392 2366 tamen
1405 2319 1421 2370 r
1436 2323 1490 2372 1³⁷.

340 2401 466 2468 ibidem
497 2401 556 2466 vix
580 2399 650 2464 ulla
673 2400 807 2465 domina
829 2421 886 2466 seu
909 2404 1062 2466 matrona
1083 2401 1156 2464 viro
1179 2402 1311 2488 proprio
1334 2403 1391 2468 sed

340 2504 439 2570 alteri
476 2503 645 2589 deputata,
678 2502 798 2588 quibus
834 2523 895 2588 pro
932 2523 1002 2569 suae
1033 2501 1184 2568 libidinis
1214 2503 1314 2569 libitu
1348 2505 1391 2570 ad

340 2611 471 2694 tempus
493 2604 728 2671 abutebantur.
774 2603 971 2670 Pestilentia
985 2609 1097 2670 autem
1120 2605 1191 2691 ipsa
1206 2605 1389 2692 ingruente,
1402 2630 1557 2699 Indulgens·

341 2709 493 2776 Clemens
514 2729 602 2794 papa
623 2710 745 2785 sextus,
770 2706 814 2771 ad
836 2707 1032 2792 petitionem
1054 2705 1287 2796 archiepiscopi
1302 2697 1538 2817 Eb⁰·{¹1¹„⁰,⁰f⁰,f,²,‡

339 2811 492 2892 recensis,
508 2809 615 2876 eidem
631 2807 883 2896 archiepiscopo,
899 2808 1050 2895 cleroque
1069 2813 1104 2874 et
1125 2809 1246 2896 populo
1268 2811 1390 2876 utrius·
1401 2830 1443 2882 thc
1453 2847 1526 2897 pope.

338 2937 401 3002 que
433 2933 532 2979 sexus
566 2909 714 2976 dioecesis
748 2914 782 2976 et
804 2910 983 2998 provincias
1007 2910 1230 2992 Eboraeensis,
1253 2917 1293 2977 ut
1314 2935 1390 2978 eon-

338 3019 448 3096 fessor‚
471 3036 570 3103 quem
605 3013 746 3099 quilibet
780 3034 894 3079 eorum
924 3013 1066 3080 durante
1088 3013 1276 3100 hujusmodi
1297 3021 1389 3100 peste

339 3119 484 3186 duxerat
515 3115 714 3204 eligendum,
750 3113 898 3180 omnium
936 3118 1143 3201 peccatorum
1180 3136 1313 3179 suorum
1347 3117 1388 3182 de

339 3221 459 3308 quibus
493 3217 589 3285 eorde
621 3216 785 3283 contritus
819 3221 854 3281 et
886 3237 942 3281 ore
972 3215 1135 3281 confessus
1157 3215 1265 3280 suerat
1286 3218 1387 3282 semel

336 3327 470 3389 tantum
501 3319 538 3384 in
570 3320 687 3385 mortis
718 3317 857 3383 articulo
894 3316 1134 3406 [remissionem
1177 3318 1385 3405 concederet]

335 3421 549 3511 indulgebat;
573 3420 631 3486 sed
653 3420 718 3484 hiis
740 3421 903 3506 praecipue
919 3419 976 3504 qui
992 3441 1013 3483 a
1029 3422 1072 3484 10
1087 3418 1249 3485 kalendas
1260 3418 1386 3505 Aprilis

333 3525 502 3613 usquead
524 3523 644 3590 festum
669 3521 783 3588 Sancti
798 3521 963 3588 iohannis
987 3521 1150 3609 Baptistae
1173 3525 1254 3587 tunc
1276 3524 1386 3608 proxi·

332 3653 422 3696 mum
444 3647 584 3714 sequens
608 3622 838 3690 decesserunt.1
883 3624 960 3710 Ipso
983 3645 1062 3689 vero
1084 3647 1172 3689 anno
1195 3624 1384 3712 incipiente,
1396 3641 1495 3721 Eunu-r

331 3731 486 3798 videlieet
502 3730 599 3805 1349,
614 3727 651 3791 in
668 3724 935 3812 Quadragesima‚
952 3725 1034 3790 feria
1050 3729 1070 3792 6
1086 3731 1164 3791 ante
1187 3727 1384 3793 dominicam
1397 3709 1477 3772 qums
1488 3727 1515 3760 ¹¹²

1396 3774 1524 3840 Englund,

330 3834 366 3900 in
389 3831 544 3898 Passione
578 3827 724 3908 Domini,
755 3827 821 3893 fuit
849 3831 945 3893 terrae
968 3831 1078 3892 motus
1108 3849 1167 3914 per
1198 3829 1384 3896 universam
1397 3846 1469 3892 1³49.

330 3935 495 4022 Angliam,
522 3935 563 3997 ut
592 3930 743 3996 monaehi
774 3929 880 3995 nostri
903 3930 944 3995 de
968 3930 1078 4008 Melea,
1101 3929 1144 3994 ad
1167 3952 1303 4016 vespere
1334 3907 1551 4027 ars-‘'ffhffiffl'

329 4043 447 4116 tentes,
463 4035 505 4100 ad
520 4033 615 4098 illum
629 4054 761 4099 versum
778 4037 797 4068 “
808 4030 971 4117 Deposuit
986 4030 1163 4116 potentes''
1184 4031 1220 4095 in
1236 4031 1358 4118 hymno
1371 4031 1383 4070 ²
1395 4040 1522 4104 protecter

328 4137 526 4226 evangelico,
548 4157 591 4201 ex
613 4135 684 4222 ipso
718 4139 814 4200 terrae
848 4137 943 4198 motu
974 4153 995 4196 a
1028 4131 1133 4198 stallis
1156 4133 1285 4220 expulsi
1308 4105 1537 4224 pro-ffiffifh‘i'

326 4241 424 4308 strati
439 4239 475 4303 in
491 4243 580 4304 terra
596 4237 793 4322 jacuerunt3
815 4256 913 4321 quem
928 4237 1027 4299 terrae
1042 4238 1169 4300 motum
1192 4236 1382 4322 pestilentia

325 4345 363 4409 in
385 4343 449 4407 hiis
471 4339 621 4428 partibus
643 4337 800 4404 continuo
822 4336 1027 4422 sequebatur.
1074 4337 1120 4403 Et
1133 4339 1232 4424 paulo
1248 4339 1379 4424 quidem
1393 4348 1525 4400 Ahuman

325 4451 403 4512 ante
418 4445 488 4510 haec
502 4445 659 4529 tempora,
676 4445 748 4507 erat
762 4438 927 4526 quoddam
949 4442 1133 4505 monstrum
1149 4439 1331 4506 humanum
1345 4442 1382 4507 in
1393 4418 1547 4534 {mg}

326 4547 458 4634 Anglia,
473 4543 516 4610 ab
531 4543 688 4610 umbilico
710 4547 745 4608 et
767 4562 896 4608 sursum
912 4541 1065 4620 divisum,
1081 4543 1244 4606 masculus
1259 4541 1383 4610 scilieet

359 4779 366 4814 ¹
384 4777 550 4845 decesserunt]
569 4774 815 4839 musaraneus.
847 4773 853 4842 Ι
905 4773 916 4808 ²
932 4774 1030 4842 dymno]
1044 4789 1147 4840 ympno,
1160 4773 1186 4826 in
1198 4774 1255 4828 MS.
