3610 5890
421 841 463 912 72
655 863 753 913 sirco
776 861 884 910 nenne
907 863 1061 922 ournrus
1084 861 1245 913 uncinus

375 1102 380 1114 Ι
422 1031 616 1088 cardinalium
634 1034 671 1089 do
689 1035 758 1088 filiis
777 1035 841 1105 ejus
860 1041 924 1089 erat
950 1041 980 1089 et
1006 1035 1170 1106 nepotibus,
1208 1033 1301 1104 Cujus
1328 1038 1471 1102 tempore,

254 1103 393 1167 Thelme
423 1116 530 1172 aceidit
560 1135 668 1187 magna
697 1117 750 1172 illa
779 1123 810 1174 et
838 1117 1013 1172 universalis
1045 1117 1220 1188 pestilentia,
1249 1135 1325 1173 anno
1355 1114 1475 1170 Domini

253 1171 323 1287 ¹1⁸?ss
335 1170 364 1221 οἱ
424 1201 503 1255 1349.
549 1200 596 1264 Et,
617 1207 651 1256 ut
676 1201 714 1256 ad
740 1206 856 1274 tempus
882 1200 962 1256 Deus
988 1207 1122 1272 parceret
1142 1200 1327 1266 Christianis,
1348 1198 1474 1270 gentiles

322 1274 329 1288 ⁰
423 1285 519 1354 primo
543 1284 698 1354 percussit.
736 1284 776 1339 Et
799 1290 881 1340 tanta
905 1285 963 1340 luit
989 1285 1152 1340 mortalitas
1177 1285 1253 1340 inter
1278 1285 1356 1348 illos,
1376 1283 1419 1338 ita
1442 1287 1477 1336 ut

425 1367 551 1438 gentiles
580 1367 734 1423 crederent
759 1368 815 1422 Dei
840 1367 1001 1424 vindictam
1027 1368 1059 1422 in
1088 1385 1138 1424 eos
1169 1369 1311 1432 evenisse,
1338 1384 1372 1422 eo
1399 1365 1478 1436 quod

425 1452 514 1506 fidem
527 1451 725 1507 Christianam
743 1469 837 1522 usque
850 1457 920 1508 tunc
938 1451 1094 1508 admittere
1112 1457 1358 1524 contempserunt.
1393 1449 1479 1504 Ideo-

427 1553 484 1604 que
509 1535 597 1590 fidem
616 1535 728 1590 Christi
753 1553 818 1590 curn
847 1535 991 1606 baptismo
1018 1533 1152 1606 accipere
1177 1535 1380 1591 decreverunt.
1420 1531 1478 1587 Sed

426 1620 509 1690 prius
528 1638 565 1674 an
585 1620 652 1690 ipsa
669 1619 838 1690 pestilentia
856 1619 886 1674 in
905 1619 1132 1675 Christianismo
1150 1619 1354 1675 exardesceret
1380 1617 1478 1688 explo-

427 1709 536 1768 rantes,
565 1703 766 1774 compertique
792 1721 856 1758 sam
875 1703 1058 1758 Christianos
1083 1703 1214 1775 undique
1239 1702 1422 1765 contrivisse,
1449 1701 1478 1754 in

426 1788 555 1859 pristina
573 1787 735 1843 obstinacia
753 1804 855 1842 eorum
884 1786 996 1842 residui
1026 1787 1234 1858 perdurarunt.
1285 1787 1356 1855 Qum
1386 1785 1477 1856 pesti·

426 1872 518 1926 lentia
535 1868 599 1925 ‘in'
617 1875 732 1926 tantum
750 1869 782 1925 iu
799 1869 910 1940 Anglia
928 1869 966 1924 ad
986 1875 1103 1942 tempus
1131 1870 1344 1936 dominabatur,
1364 1875 1398 1924 ut
1418 1867 1479 1924 vivi

427 1955 602 2026 superstites
633 1955 671 2010 ad
707 1953 875 2024 sepelienda
904 1971 1027 2024 corpora
1057 1961 1249 2018 mortuorum,
1278 1961 1309 2010 et
1334 1953 1481 2009 cimiteria

425 2048 553 2119 plurima
582 2047 620 2102 ad
645 2047 711 2118 ipsa
735 2046 880 2103 cadavera
904 2046 1063 2112 condenda,
1083 2047 1133 2104 vix
1152 2047 1341 2103 sufficiebant.
1380 2035 1482 2102 Unde

427 2140 608 2206 Londoniis
636 2141 700 2205 duo
724 2146 806 2204 tunc
832 2138 943 2204 clausa
970 2139 1041 2204 sive
1063 2139 1168 2206 crofta
1183 2140 1333 2205 dedicata
1347 2141 1483 2206 fuerunt

426 2244 469 2310 ad
487 2242 676 2328 sepelienda
698 2262 833 2328 corpora
855 2245 1070 2322 mortuorum,
1086 2241 1123 2306 in
1147 2241 1264 2329 quibus
1287 2247 1402 2328 postea
1416 2243 1482 2306 duo

426 2345 634 2422 monasteria,
652 2365 757 2408 unum
772 2343 999 2409 Cisterciensis
1014 2343 1149 2424 ordinis,
1159 2349 1194 2409 et
1209 2343 1300 2410 aliud
1311 2345 1481 2410 Cnrtlnrsi-

426 2447 514 2512 ensis
529 2447 662 2526 ordinis
679 2450 808 2511 consitat
823 2467 892 2512 esse
907 2445 1054 2512 fundata
1093 2455 1218 2510 Tantum
1240 2461 1338 2511 autem
1358 2454 1485 2510 invaluit

425 2551 491 2620 ipsa
515 2548 692 2620 pestilentia,
712 2553 746 2603 ut
769 2547 902 2604 homines
920 2547 1075 2618 utriusque
1094 2564 1180 2602 sexus
1204 2565 1257 2618 per
1274 2547 1386 2618 plateas
1406 2547 1484 2601 inee-

425 2632 527 2688 dentes
540 2631 638 2687 subito
650 2631 827 2695 ceciderunt,
840 2637 874 2687 ut
891 2631 923 2686 in
944 2629 1205 2686 innumerabilibus
1224 2629 1434 2685 mansiunculis
1453 2635 1484 2684 et

424 2715 505 2771 villis
530 2715 679 2787 plerisque
698 2733 772 2770 unus
792 2723 941 2786 superstes
960 2733 1017 2770 non
1044 2715 1252 2770 dimitteretur.
1291 2715 1357 2769 Hoc
1384 2719 1482 2770 tamen

426 2805 495 2854 tunc
521 2799 662 2871 temporis
687 2799 817 2870 providit
841 2799 922 2854 Deus
950 2805 992 2865 ut,
1012 2799 1043 2854 in
1061 2800 1133 2855 locis
1160 2798 1319 2871 plerisque,
1340 2798 1484 2869 capellani

425 2889 546 2954 propter
564 2883 702 2954 exequias
720 2889 791 2938 tunc
809 2882 1013 2940 decedentium
1032 2882 1177 2954 usquead
1195 2883 1284 2937 finem
1301 2882 1481 2952 pestilentias

427 2968 589 3023 incolumes
620 2967 739 3022 fuermn
769 2967 922 3022 reservati.
962 2967 1030 3032 Sed,
1058 2974 1124 3038 post
1154 2967 1341 3023 saeoularium
1366 2967 1480 3032 lunera,

426 3052 571 3122 capellani
589 3051 711 3121 plurimi
730 3058 764 3106 ut
782 3051 865 3121 prius
885 3051 984 3105 caeteri
1002 3051 1033 3104 in
1056 3056 1181 3106 mortem
1199 3051 1319 3106 fuerunt
1337 3049 1479 3106 devorati.

260 3144 369 3199 Geneml
427 3135 485 3190 Pro
505 3153 562 3206 qua
580 3134 749 3205 pestilentia
767 3133 903 3188 Clemens
922 3151 998 3204 papa
1016 3134 1033 3187 6
1052 3134 1134 3188 misit
1155 3135 1186 3187 in
1204 3132 1345 3204 Angliam
1363 3133 1480 3188 absolu·

259 3215 407 3268 absolutior.
426 3219 536 3274 tionem
561 3216 738 3288 generalem,
759 3233 812 3286 per
838 3217 855 3270 3
880 3231 995 3270 meuses
1023 3216 1059 3270 sb
1078 3217 1142 3286 ejus
1168 3215 1367 3287 publicatione
1395 3217 1481 3272 dura·

429 3309 533 3366 turam,
559 3318 613 3372 pro
640 3299 774 3354 omnibus
803 3300 854 3368 qui
884 3299 915 3352 in
945 3299 1024 3354 dicta
1054 3299 1222 3369 pestilentia
1252 3301 1330 3356 infra
1356 3301 1436 3372 ipsos
1463 3303 1480 3357 3

258 3401 370 3450 [rma.
427 3403 539 3441 menses
570 3383 702 3438 defuncti
732 3382 866 3438 fuissent.
917 3382 992 3437 Ante
1024 3401 1112 3453 quam
1142 3384 1341 3454 pestilentiam
1375 3386 1420 3440 sic
1449 3386 1480 3441 in

258 3473 340 3516 ments
352 3469 401 3517 aad
426 3469 537 3540 Anglia
555 3466 824 3540 praedominantem,
845 3483 980 3537 proceres
998 3466 1127 3539 Angliae,
1148 3485 1223 3522 anno
1235 3469 1429 3539 praeeedente,
1450 3471 1482 3525 in

260 3533 381 3584 &mlum
427 3553 552 3608 diversis
579 3549 748 3605 civitatibus
768 3554 797 3604 et
821 3550 902 3604 villis
930 3550 1015 3620 regni
1045 3551 1239 3607 torniamento.
1265 3558 1295 3607 et
1319 3553 1480 3609 hastiludia

258 3597 414 3715 iifflffi‘e
427 3635 653 3706 componebant;
673 3632 785 3687 vocaus
812 3631 850 3686 ad
877 3632 940 3688 haec
967 3632 1150 3699 dominabus,
1176 3636 1328 3700 matronis,
1358 3643 1389 3692 et
1412 3638 1480 3692 aliis

259 3728 401 3793 pennense,
427 3717 601 3772 mulieribus
621 3714 782 3786 generosis.
819 3713 883 3770 Nec
901 3715 960 3770 fnit
977 3721 1075 3772 tamen
1093 3717 1202 3772 ibidem
1216 3719 1266 3773 rix
1283 3720 1345 3774 ulla
1363 3719 1482 3776 domina

403 3825 406 3832 ·
428 3817 480 3856 seu
501 3805 633 3855 matrona
653 3799 719 3854 viro
745 3815 798 3853 suo
824 3798 944 3869 proprio
974 3799 1027 3854 sed
1052 3801 1137 3854 alteri
1163 3801 1310 3872 deputata,
1341 3822 1401 3874 qua
1427 3823 1481 3876 pro

259 3977 371 4045 mpnster
428 3968 495 4022 dem
513 3971 580 4022 ante
598 3967 661 4021 haec
679 3971 821 4036 tempora,
842 3971 905 4020 erat
923 3965 1070 4034 quoddam
1088 3973 1252 4022 monstrum
1269 3969 1432 4026 humanum
1450 3973 1480 4026 in

261 4034 350 4084 mih*
427 4051 538 4122 Anglia
555 4051 591 4104 ab
612 4048 752 4104 umbilico
772 4053 803 4103 et
829 4065 946 4104 sursum
972 4048 1110 4114 divisum,
1130 4052 1280 4107 masculus
1309 4053 1424 4110 scilieet
1451 4061 1481 4111 et

259 4101 351 4216 gggble
427 4135 557 4198 ioemina,
571 4140 601 4188 et
616 4135 648 4187 in
659 4133 791 4187 inferiori
803 4139 886 4204 parte
905 4149 1073 4187 connexum.
1112 4133 1205 4190 Porro
1222 4153 1280 4190 uno
1298 4138 1479 4205 comedente,

310 4183 335 4232 γ’
428 4218 555 4282 bibente,
576 4217 737 4272 dormiente
755 4215 804 4270 rel
822 4215 969 4286 loquente,
990 4217 1066 4271 alter
1088 4217 1276 4274 dissimiliter
1303 4221 1375 4276 fecit
1402 4223 1481 4294 qnod

427 4301 530 4358 voluit.
568 4300 647 4356 Nam
658 4317 749 4354 unum
761 4303 827 4354 ante
840 4299 931 4354 alium
949 4304 1099 4354 mortuum
1112 4306 1261 4372 superstes
1274 4319 1328 4374 per
1346 4305 1480 4362 triduum

428 4383 652 4442 circumferebat
681 4382 712 4436 in
738 4382 826 4436 ulnis.
873 4381 1012 4436 Solebant
1041 4401 1167 4455 namque
1193 4385 1364 4442 dulcissime
1391 4389 1480 4444 simul

427 4477 552 4526 cantare.
586 4467 730 4523 Obierunt
748 4465 864 4521 tandem
882 4467 914 4519 in
926 4466 998 4522 villa
1010 4467 1046 4521 de
1059 4468 1253 4540 Kyngestona
1272 4491 1361 4543 super
1374 4474 1478 4538 Hnllo,

427 4556 457 4608 in
476 4559 560 4608 atate
579 4551 697 4608 circiter
723 4550 758 4604 18
776 4567 928 4616 annorum,
951 4551 1038 4621 paulo
1057 4558 1124 4607 ante
1143 4554 1251 4609 dictam
1279 4558 1480 4628 pestilentiam

428 4638 622 4692 subsecutam.
660 4633 828 4690 Willelmus
849 4633 885 4686 de
905 4633 1025 4690 Soreche
1053 4636 1148 4692 lactus
1168 4644 1213 4694 est
1240 4642 1480 4714 archiepiscopus

427 4719 619 4775 Eboraceusis
638 4734 712 4774 anno
731 4715 850 4772 Domini
869 4716 947 4772 1340.
1033 4747 1037 4754 ·
