3578 5874
478 795 541 858 :rs-l
654 810 855 858 wunnnuus
878 809 987 858 Annus
1010 808 1164 858 oemvrm
1188 809 1348 859 unumne.

307 988 586 1067 A.D.1arep0rtas
617 989 651 1048 et
686 985 842 1070 capellam
878 983 1087 1048 infirmatcrii
1120 983 1354 1048 monachorum
1377 982 1520 1048 dedicari

306 1066 444 1188 ζὲὲξὲεοῃ
474 1083 573 1150 fecit.¹
613 1085 853 1151 Dormitorium
870 1086 972 1150 etiam
995 1085 1228 1151 monachorum
1251 1085 1287 1149 in
1301 1090 1308 1111 “
1321 1084 1446 1150 tabulis
1468 1086 1522 1150 et'

307 1205 349 1254 the
360 1207 452 1256 dormi·
474 1185 774 1254 lectisterniorum²
803 1193 973 1275 apparatu,
1005 1187 1211 1254 refectorium
1244 1209 1373 1274 quoque
1396 1185 1521 1252 tabulis

306 1274 449 1404 lgm}
473 1293 548 1375 post
581 1293 676 1376 terga
710 1290 997 1368 discumbentium,
1031 1311 1069 1356 ac
1103 1289 1237 1355 domum
1260 1290 1408 1376 graviter
1429 1288 1521 1352 infir·

257 1397 263 1406 '
442 1377 449 1400 ’
474 1391 638 1456 montium
661 1393 895 1458 monachorum
917 1390 1128 1460 lectisterniis
1151 1413 1225 1458 cum
1248 1391 1371 1456 tabulis
1394 1412 1522 1477 separa-

306 1505 450 1582 iaeadroof-
473 1491 542 1570 tis,8
563 1493 754 1559 decoravit.⁴
799 1494 952 1560 Gamerae
974 1495 1123 1580 privatas
1153 1495 1189 1558 in
1220 1493 1432 1558 infirmitorio
1454 1514 1523 1556 mo·

306 1588 369 1636 ¹¹¹3*
473 1595 653 1661 nachomm
684 1597 828 1684 separari
850 1603 884 1662 et
907 1595 1080 1662 inhibituri
1103 1597 1329 1683 persingulas
1362 1595 1519 1660 instituit.

474 1696 640 1784 Capellam
674 1699 787 1784 itaque
821 1698 1033 1764 infirmatorii
1064 1697 1297 1764 monachorum
1318 1719 1378 1784 per
1399 1699 1519 1774 totum,

472 1799 705 1865 occidentalem
739 1821 868 1886 quoque
891 1807 1019 1887 partem
1049 1800 1224 1887 superioris
1252 1801 1335 1866 tecti
1357 1799 1437 1866 dicti
1467 1800 1518 1863 in·

471 1901 645 1980 firmitorii,
669 1924 707 1968 ac
730 1903 863 1968 tertiam
885 1907 1015 1989 partem
1044 1901 1191 1986 ejusdem
1214 1923 1326 1966 versus
1349 1901 1518 1981 orientem,

471 2008 665 2091 partemque
710 2004 846 2070 claustri
883 2004 925 2068 ab
964 2003 1048 2069 ostio
1086 2003 1248 2069 refectorii
1286 2003 1518 2070 monachorum

470 2127 573 2192 usque
595 2106 638 2172 ad
660 2106 892 2192 dormitorium
915 2127 1156 2184 conversorum,
1189 2111 1301 2170 totum
1334 2105 1517 2173 cancellum

472 2207 584 2292 itaque
608 2207 750 2274 ecelesiae
785 2207 825 2273 de
850 2207 1046 2294 Esyngtoua
1076 2213 1110 2272 et
1143 2207 1337 2272 vestiarium
1362 2207 1517 2292 ejusdem,

472 2331 509 2374 ac
523 2314 629 2374 totam
646 2309 823 2376 australem
841 2316 969 2396 partem
985 2309 1074 2375 chori
1090 2309 1232 2402 ecclesiae
1255 2310 1296 2376 de
1312 2309 1517 2388 Naffretoua,

474 2411 653 2476 cancellum
685 2432 814 2498 quoque
848 2411 991 2478 ecclesiae
1021 2410 1061 2477 de
1084 2411 1216 2498 Skypse
1238 2433 1338 2498 supra
1360 2433 1518 2500 magnum

474 2512 577 2578 altare
601 2517 745 2592 tantum,
760 2513 894 2600 plumbo
917 2513 996 2580 fecit
1018 2513 1194 2600 cooperiri;
1218 2535 1291 2600 quae
1313 2515 1405 2600 prius
1420 2514 1517 2579 tabu-

307 2608 418 2725 fh‘zppff
429 2609 455 2658 in
474 2613 516 2680 lis
550 2615 605 2680 vel
639 2616 798 2681 lateribus
829 2617 1033 2702 tegebantur.
1089 2615 1211 2680 Ollam¹
1231 2615 1333 2682 etiam
1362 2637 1517 2704 magnam

407 2692 459 2742 cry,
474 2739 593 2782 aeream
608 2717 645 2782 in
667 2717 808 2804 pistrino
824 2717 1021 2784 renouauit.l
1066 2718 1157 2784 Duae
1180 2719 1294 2806 itaque
1317 2719 1396 2784 ollas
1416 2739 1517 2790 aerees

473 2842 532 2906 pro
555 2820 684 2885 fornace
707 2824 810 2907 aptae,
834 2843 915 2908 quas
938 2819 1089 2886 dominus
1112 2819 1230 2886 Petrus
1251 2820 1293 2886 dc
1316 2819 1406 2886 Malo
1429 2819 1516 2886 lacu

472 2927 645 2987 mutuatus
666 2927 717 2988 est
740 2923 829 3009 apud
858 2923 1030 3010 grangiam
1054 2923 1094 2988 de
1118 2923 1314 2987 Wharroma
1335 2927 1369 2988 et
1391 2923 1426 2986 in
1449 2945 1517 2988 cas·

473 3030 528 3090 tro
550 3046 609 3090 suo
632 3025 673 3090 de
697 3023 873 3112 Multgrefe
896 3024 1077 3102 collocavit,
1099 3025 1139 3090 de
1164 3024 1261 3090 Petro
1283 3025 1434 3091 filiosuo
1456 3046 1516 3110 pro

306 3149 439 3200 Provision
473 3148 503 3190 x.
540 3127 656 3192 marcis
690 3125 852 3192 redemit.fl
896 3127 999 3191 Arma
1028 3126 1144 3191 bellica
1165 3126 1208 3191 ad
1230 3130 1342 3192 custus
1365 3131 1408 3192 40
1431 3148 1515 3192 mar-

305 3217 583 3294 ⁰fWP⁰¹¹⁸·camm
606 3229 762 3316 providit.
810 3229 950 3295 Chartae
973 3228 1258 3295 confirmationum
1292 3251 1388 3316 super
1420 3229 1516 3294 liber·

472 3330 598 3394 tatibus
635 3330 755 3416 regiis⁷
786 3353 806 3396 a
842 3331 974 3418 regibus
1009 3331 1173 3396 Eduardo
1204 3335 1225 3398 3
1257 3337 1291 3396 et
1325 3331 1465 3396 Ricardo
1496 3335 1515 3394 2

307 3454 418 3507 Variola
473 3430 692 3516 impetravit.⁸
737 3432 800 3498 Pro
824 3455 951 3498 camera
985 3454 1115 3518 quoque
1148 3455 1208 3498 sua
1230 3439 1373 3520 quatuor
1395 3455 1515 3520 cuppas

287 3523 430 3652 ffiffio‘f
472 3553 528 3595 seu
551 3532 661 3618 ciphos
683 3543 778 3597 *cum
801 3534 1029 3620 coopertoriis,'
1045 3535 1217 3620 aquarium
1239 3557 1352 3616 unum,
1367 3541 1403 3601 et
1416 3535 1518 3600 cocle·

306 3655 456 3708 theabooes
472 3635 543 3698 aria
577 3635 642 3699 duo
674 3640 830 3722 argentea
853 3641 888 3700 et
910 3637 1077 3714 deaurata,
1101 3637 1253 3724 ponderis
1275 3637 1331 3722 vij.
1355 3638 1515 3704 librarum

307 3722 431 3840 chamber.
474 3735 514 3800 de
539 3735 644 3821 Troys
667 3741 754 3802 etv.
779 3737 961 3818 unciarum,
992 3761 1066 3824 quae
1095 3738 1221 3805 faciunt
1241 3740 1371 3827 pondus
1395 3739 1515 3806 usualis

507 4055 513 4086 ¹
533 4054 620 4107 Azan
636 4093 643 4108 .
661 4095 667 4109 .
677 4058 756 4124 feeit]
771 4059 883 4124 wanting
893 4059 920 4108 in
934 4059 964 4110 P.
1048 4059 1058 4091 ⁵
1076 4075 1183 4110 camerae
1201 4097 1208 4112 .
1225 4098 1232 4111 .
1249 4061 1385 4127 resonavit]
1404 4063 1516 4128 wanting

505 4133 516 4165 ²
534 4135 624 4185 mbulie
641 4173 648 4186 .
665 4175 673 4188 .
690 4137 900 4204 Iocastes-nicrum]
922 4139 971 4190 lec·
1017 4139 1042 4189 in
1055 4139 1107 4188 this
1119 4139 1198 4204 place,
1210 4142 1259 4190 and
1270 4141 1380 4191 inserted
1391 4143 1478 4204 below,
1487 4143 1515 4192 P.

473 4219 564 4274 torum,
575 4215 605 4266 P.
1049 4215 1059 4248 ⁶
1071 4217 1127 4268 The
1134 4227 1309 4280 arrangement
1316 4219 1345 4269 of
1350 4220 1392 4270 the
1398 4229 1515 4270 sentence

507 4290 518 4321 ³
534 4295 704 4358 refectorium.
722 4333 728 4346 .
746 4295 879 4362 separatis]
894 4303 971 4348 want·
1016 4296 1038 4346 is
1051 4297 1166 4348 different
1176 4297 1204 4347 in
1216 4297 1246 4348 P.

472 4373 519 4439 ing
530 4373 557 4421 iu
569 4373 598 4422 P.
1049 4375 1149 4442 isuper
1166 4415 1173 4426 .
1191 4415 1197 4428 .
1216 4415 1222 4429 .
1241 4414 1248 4428 .
1264 4378 1350 4444 replis]
1373 4377 1514 4430 libertatum

506 4453 516 4484 ⁴
534 4451 609 4500 Alter
621 4451 743 4501 ᾰιοοναυίε
757 4451 841 4512 insert,
852 4467 971 4516 maguam
1016 4455 1167 4518 monasterii,
1178 4457 1208 4506 P.

472 4531 557 4595 itaque
569 4529 645 4579 ollam
658 4546 747 4580 aeream
758 4533 822 4594 apud
837 4532 971 4595 pistrinum
1048 4533 1059 4564 ⁸
1076 4535 1152 4584 Aster
1163 4537 1300 4600 impetravit
1317 4537 1402 4600 insert,
1413 4543 1438 4586 et
1454 4551 1514 4586 oves

474 4610 499 4658 in
511 4610 627 4672 expensis
638 4611 728 4672 xxxvj.
740 4610 859 4660 librarum
871 4626 970 4674 repara·
1016 4631 1062 4680 pro
1073 4625 1164 4678 staura,
1175 4621 1207 4669 ad
1218 4620 1329 4670 valorem
1340 4637 1384 4670 xx.
1394 4619 1513 4670 librarum

473 4687 520 4743 rit,
531 4687 560 4736 P.
1016 4696 1178 4760 comparavit
1191 4699 1220 4746 P.
