3610 5890
460 883 501 948 46
682 897 794 945 suco
817 893 924 943 assis
948 895 1102 954 ausurus
1125 895 1284 944 osonum.

291 1079 360 1132 au
375 1081 447 1131 raro.
462 1074 558 1150 1,000
580 1067 746 1157 equitibus
767 1078 803 1136 et
825 1074 922 1150 4,000
948 1067 1131 1157 sagittariis
1152 1069 1346 1157 Anglorum,
1369 1089 1407 1134 ac
1435 1089 1509 1134 cum

291 1159 407 1293 fflfffy
462 1177 559 1253 1‚000
581 1173 758 1261 equitibus,
776 1171 918 1252 170,000
933 1177 1136 1239 armatorum
1164 1171 1316 1261 peditum
1332 1167 1507 1250 Flandrioe,

291 1305 416 1356 phem,
460 1275 635 1343 Franeiam
657 1281 708 1342 eat
729 1276 904 1364 ingressus.
959 1275 1014 1357 Et,
1038 1275 1119 1342 dum
1141 1277 1206 1342 iter
1227 1274 1372 1342 facerent
1394 1293 1508 1340 versus

290 1373 428 1490 fflfflss·
459 1379 719 1459 Thornachum,.
747 1385 891 1444 castrum
936 1379 978 1444 de
1023 1378 1260 1466 Stsynburgbe
1302 1382 1508 1464 acceperunt

292 1505 359 1556 cuke
371 1505 400 1556 of
458 1481 619 1548 Dominus
641 1482 743 1548 etiam
766 1481 930 1548 Robertus
950 1481 994 1547 de
1015 1482 1149 1568 Artoys,
1164 1503 1240 1547 cum
1254 1480 1419 1568 aliquibus
1440 1481 1510 1545 An-

290 1571 446 1692 {griffi
458 1583 552 1671 glicis
574 1591 609 1650 ct
632 1585 752 1664 20‚000
775 1581 1036 1686 Flandrensium,
1051 1605 1095 1650 ex
1116 1589 1277 1672 praecepto
1297 1584 1386 1670 regis
1406 1601 1511 1670 usque

459 1687 502 1751 ed
535 1687 650 1752 villam
683 1685 799 1752 Sancti
822 1685 936 1752 Omeri
959 1685 1124 1774 profectus
1145 1693 1204 1752 est
1250 1685 1297 1752 Et
1330 1685 1445 1752 exiens
1467 1705 1509 1750 ex

459 1789 574 1856 ecdem
608 1791 678 1856 dux
700 1789 903 1877 Burgimdiae
926 1811 1002 1855 cnm
1025 1793 1124 1870 o‚000
1145 1791 1291 1868 armatis,
1307 1791 1344 1854 in
1365 1788 1510 1855 crastino

460 1893 575 1958 Sancti
589 1893 716 1971 Jacobi,
734 1913 924 1980 congressus
939 1898 990 1958 est
1005 1891 1138 1958 fortiter
1160 1913 1235 1958 cum
1257 1891 1387 1958 eisdem.
1411 1889 1510 1954 Flan—

459 1997 592 2062 drenses
613 2017 699 2084 ergo,
723 1997 878 2062 continuo
902 1996 1047 2082 dispersi,
1070 2015 1129 2082 per
1155 1995 1327 2060 dominum
1349 1993 1509 2059 Thomam

460 2100 501 2164 de
524 2099 698 2186 Ughtrech
720 2098 861 2163 militem
883 2097 1062 2184 Anglieum
1085 2097 1193 2163 denuo
1208 2097 1352 2162 revocati
1367 2096 1510 2161 hancce

460 2201 669 2287 repellebant.
715 2199 758 2264 In
777 2221 843 2286 quo
866 2199 1020 2266 conflictu
1034 2200 1075 2265 dc
1091 2199 1302 2287 Francigenis
1323 2198 1511 2264 oeciderunt
1557 2234 1566 2254 ·

460 2304 595 2370 comites
626 2307 661 2368 et
683 2302 850 2368 vexillarii
874 2306 925 2384 16,
947 2301 1071 2367 milites
1095 2305 1159 2368 160
1182 2307 1218 2367 et
1239 2303 1367 2389 equites
1390 2301 1510 2366 armati

295 2415 370 2480 siege
381 2415 412 2464 of
462 2408 535 2472 600.
582 2405 698 2470 Paucis
716 2404 895 2470 admodum
910 2404 1029 2490 Anglis
1044 2403 1168 2470 ibidem
1183 2404 1378 2483 interfectis,
1391 2403 1509 2489 reliqui

295 2481 422 2548 Tournay.
461 2527 570 2594 regem
593 2507 796 2572 Edwardum
819 2507 861 2571 ad
883 2505 1115 2573 Thornachum
1137 2506 1299 2574 adierunt.
1347 2507 1426 2594 Ipsa
1452 2525 1509 2570 au-

461 2619 531 2675 tem
553 2609 671 2675 civitas
692 2609 905 2675 Thornachus
927 2608 1056 2674 duobus
1088 2610 1191 2675 muris
1223 2609 1333 2675 cincta
1364 2615 1399 2674 et
1430 2607 1512 2672 viris

461 2711 622 2778 bellicosis
644 2713 774 2779 munita
795 2717 874 2777 erat.
921 2710 1072 2776 Fuerunt
1098 2731 1241 2798 namque
1263 2713 1301 2777 in
1323 2711 1437 2778 eadem
1459 2733 1511 2777 eo-

462 2837 531 2881 mes
554 2815 594 2906 de
617 2815 700 2882 Eow
722 2813 981 2881 constabularius
1004 2813 1154 2880 Francia
1168 2820 1203 2880 et
1218 2837 1324 2882 comes
1347 2815 1510 2894 Fixensis,

462 2919 583 3006 aliique
597 2939 744 3006 proceres
760 2918 917 2996 Francius,
932 2939 1007 2983 cum
1022 2921 1120 2996 4,000
1135 2917 1286 3004 equitum
1300 2923 1511 2984 armatorum.

466 3021 619 3088 Volentes
640 3021 728 3088 vires
750 3043 826 3087 suas
858 3021 1056 3086 decertando
1089 3043 1165 3086 cum
1197 3021 1347 3108 Anglicis
1369 3020 1511 3107 experiri

462 3125 616 3192 exierunt
639 3125 797 3191 continuo
809 3150 817 3206 ;
857 3145 998 3210 quorum
1027 3123 1160 3210 Anglici
1182 3123 1293 3208 plures
1323 3123 1512 3190 occiderunt

462 3232 496 3293 et
518 3225 661 3314 reliquos
687 3227 793 3293 victos
815 3226 930 3292 villam
964 3229 1112 3312 repetere
1144 3231 1330 3312 coegerunt.
1375 3225 1509 3304 Iterum,

462 3337 537 3417 post
559 3351 679 3417 paucos
702 3330 782 3408 dies,
804 3329 960 3394 exienmt
982 3327 1024 3392 de
1045 3327 1158 3392 eadem
1181 3329 1263 3394 villa
1288 3333 1352 3394 100
1375 3329 1510 3415 equites,

462 3454 544 3520 quos
566 3431 735 3520 sagittarii
749 3431 883 3518 Anglioi
898 3431 1102 3518 refugerunt,
1118 3430 1270 3516 pluribus
1283 3453 1397 3498 eorum
1411 3433 1513 3498 inter-

462 3535 563 3601 fectis.
609 3533 862 3601 Confluentibus
885 3533 929 3598 ad
950 3555 1062 3621 regem
1084 3533 1287 3600 Edwardum
1302 3534 1438 3600 interim
1453 3533 1511 3600 sli-

463 3637 610 3725 enigenis
641 3657 716 3703 cum
742 3657 780 3702 eo
806 3634 1029 3714 confoederati,
1051 3637 1173 3703 statuit
1196 3657 1258 3702 rex
1279 3642 1320 3703 ut
1340 3638 1511 3704 civitatem

463 3739 723 3806 Thornacensem
744 3761 803 3827 per
825 3739 1028 3806 obsidionem
1045 3747 1079 3806 et
1101 3740 1243 3806 insultas
1257 3747 1396 3828 caperet,
1411 3746 1451 3806 ut
1465 3743 1512 3806 sic

463 3840 656 3932 Philippum
688 3839 730 3908 de
755 3841 888 3908 Valesio
921 3864 960 3908 eo
989 3843 1061 3929 ipso
1091 3843 1191 3909 citius
1213 3843 1257 3910 ad
1277 3843 1428 3931 pralium
1453 3865 1511 3910 ex-

295 3955 405 4006 Edwaru
462 3946 587 4013 citaret.
642 3945 771 4010 Deinde
802 3944 895 4010 misit
927 3944 1082 4032 epistulas
1112 3945 1265 4034 Philippo
1298 3947 1339 4012 de
1372 3945 1513 4026 Valerio,

295 4021 439 4102 “hilm
462 4048 601 4114 offerens
624 4048 789 4134 singurlare
812 4053 979 4112 certamen
1000 4052 1116 4113 contra
1132 4047 1252 4134 ipsum,
1275 4053 1335 4114 aut
1357 4071 1400 4114 ex
1422 4055 1511 4115 utra

462 4173 525 4238 que
547 4157 641 4238 parte
661 4157 865 4216 assumerent
890 4153 953 4215 100
976 4149 1099 4216 milites
1120 4148 1296 4232 bellicosos,
1310 4157 1373 4218 aut
1394 4153 1512 4218 saltem

461 4255 503 4320 ad
526 4259 652 4321 certum
685 4253 782 4332 diem,
805 4252 931 4318 viribus
953 4252 1117 4330 adunatis,
1140 4254 1293 4340 potentia
1314 4261 1432 4321 contre
1453 4277 1509 4344 po-

461 4358 611 4439 tentiam,
644 4357 767 4444 pariter
804 4355 1004 4420 dimicarent.
1052 4353 1223 4443 Philippus
1257 4363 1369 4422 autem
1399 4380 1508 4448 regem

462 4457 610 4527 hanciae
631 4481 666 4525 se
688 4459 863 4525 nominans
885 4457 1049 4522 Eduardo
1063 4459 1134 4546 regi
1148 4459 1281 4546 Angliae
1301 4463 1509 4543 rescribebat,

460 4567 547 4650 quod
569 4563 656 4651 ipsas
671 4561 799 4628 litteras
822 4559 975 4647 Philippo
998 4559 1039 4626 de
1062 4560 1192 4627 Valesio
1207 4564 1330 4643 missas,
1347 4563 1506 4649 quasdam

460 4668 691 4754 requisitiones
713 4665 802 4730 dicto
828 4661 980 4749 Philippo
1002 4685 1060 4748 per
1080 4664 1189 4750 ipsum
1213 4666 1318 4731 factas
1340 4667 1510 4733 continen-

460 4775 518 4847 tes,
549 4769 744 4855 inspexerat.
796 4765 861 4830 Sed
883 4766 969 4850 quia,
992 4772 1031 4830 ut
1052 4765 1192 4844 dicebat,
1216 4788 1276 4833 nec
1298 4767 1422 4835 litterae
1444 4792 1505 4835 nec
