3578 5874
448 851 512 914 226
624 863 825 912 wrunuuuus
847 861 955 914 sauss
978 861 1132 914 ocrsvus
1155 864 1318 915 nucruus.

281 1039 426 1094 Ad)·1³⁷2
447 1041 570 1106 riarum
593 1041 633 1106 de
656 1041 852 1106 Naffrctona
874 1045 909 1104 et
932 1041 1142 1127 Kayngham,
1165 1063 1202 1106 aa
1216 1041 1429 1128 grangiarum
1446 1039 1486 1104 de

280 1111 371 1158 -1396,

446 1143 598 1228 Skyrena
612 1148 647 1208 et
670 1143 711 1208 de
733 1143 898 1230 Saltaghe,
914 1166 934 1207 a
949 1143 1091 1230 pristina
1112 1144 1292 1209 latitudine
1310 1143 1494 1220 restrinxit,

447 1251 482 1311 et
514 1246 596 1311 alias
629 1246 852 1333 reparationes
885 1245 921 1310 in
960 1245 1082 1310 eisdem
1117 1246 1202 1310 fecit.
1264 1246 1492 1312 Molendinum

446 1349 644 1417 ventricium
666 1349 707 1414 de
731 1348 937 1435 Otringham,
954 1369 992 1414 ao
1014 1349 1080 1412 alia
1102 1349 1295 1414 molendina
1318 1347 1492 1435 aquatica‚¹

447 1453 627 1518 renovavit.
667 1449 819 1516 Gamerae
841 1452 941 1518 ctiam
958 1450 1048 1532 duae,
1064 1473 1166 1516 unam
1181 1451 1336 1518 videlicet
1360 1451 1490 1537 antiqui

447 1555 627 1622 communis
656 1554 792 1641 hospitii
815 1559 849 1619 et
883 1554 981 1618 aliam
1016 1553 1182 1641 capellano
1216 1555 1383 1640 quondam
1418 1576 1491 1620 can-

447 1655 565 1724 tariae²
597 1659 635 1722 in
666 1658 762 1724 bosco
793 1657 995 1744 deputatam,
1027 1658 1068 1722 de
1090 1657 1289 1722 monasterio
1310 1657 1437 1723 amovit
1459 1661 1493 1720 et

446 1761 482 1826 in
503 1757 666 1828 rectoria⁸
689 1759 729 1825 de
753 1759 954 1846 Kayngham
979 1761 1211 1825 reconstruxit.
1258 1759 1381 1825 4Noua
1402 1759 1491 1824 insu-

448 1968 660 1975 --—..———.
666 1966 859 1974 —.-....-—--

479 2110 586 2160 ¹Aelaa
604 2149 609 2159 .
628 2146 634 2160 .
651 2108 784 2174 mantica]
804 2106 945 2172 Grangiam
992 2121 1070 2156 nuum
1088 2124 1113 2158 x.
1137 2109 1266 2172 librarum,
1290 2111 1326 2173 vj·
1348 2111 1491 2166 solidorum,

445 2187 946 2254 desungninaulaetcamerisffepa-
992 2184 1044 2248 viij.
1067 2187 1235 2249 denariorum,
1264 2189 1376 2248 redemit,
1404 2199 1491 2254 preter

444 2269 516 2320 ravit
536 2268 711 2320 Molendinum
722 2266 871 2317 ventricium
879 2267 946 2328 apud
991 2265 1113 2316 redditum
1132 2268 1162 2316 de
1179 2268 1344 2329 Mollescroft,
1366 2267 1425 2333 *qui
1444 2270 1491 2319 fuit

446 2348 605 2414 tiningham,
618 2349 647 2398 Ρ.
733 2409 738 2420 Ι
991 2360 1017 2394 x.
1035 2344 1114 2400 librae,
1132 2346 1197 2408 xiiij.
1215 2347 1295 2410 solidi,
1317 2349 1362 2411 iiij.
1380 2348 1483 2406 denarii,

478 2427 488 2457 ²
505 2427 622 2491 quondam
633 2426 766 2491 cantaris]
786 2425 895 2490 capellae,
907 2424 936 2474 Ρ.
991 2425 1153 2488 redemptum,
1161 2435 1189 2476 ut
1200 2429 1337 2490 prefertur.
1367 2429 1490 2479 Cessatio-

478 2505 488 2538 ²
500 2506 573 2556 After
584 2509 689 2556 rectoria
699 2506 779 2554 insert
789 2501 908 2561 ecclesia,
915 2504 944 2553 P.
991 2518 1097 2567 nemque
1114 2505 1269 2568 pensionum,
1292 2508 1428 2570 feodorum,
1445 2524 1490 2558 ex-

478 2587 487 2616 i
505 2585 580 2636 Nora
598 2624 604 2635 .
623 2624 628 2636 .
648 2623 654 2635 .
673 2623 679 2635 .
697 2593 723 2636 to
734 2585 778 2634 the
795 2586 843 2634 end
860 2584 890 2632 oi
902 2583 946 2632 the
990 2582 1141 2634 hibitionnm
1152 2592 1178 2634 et
1189 2587 1490 2649 corrodiomm,etmsne·

444 2665 559 2730 chapter]
584 2665 678 2714 Aulam
689 2665 764 2714 dictae
775 2663 888 2714 rectoria
898 2663 946 2712 mi·
990 2661 1094 2724 riorum,
1110 2671 1232 2714 terrorum
1250 2673 1275 2716 et
1286 2673 1490 2726 tenementorum,

444 2744 558 2804 notavit3
576 2743 694 2804 redditus,
706 2749 854 2804 tenemento,
865 2743 944 2791 eccle-
990 2756 1033 2804 per
1043 2745 1237 2805 predecessores
1250 2761 1307 2794 suos
1321 2745 1427 2796 diversis
1436 2761 1490 2809 per-

444 2824 487 2874 siae
498 2825 608 2888 ejusdem
625 2824 657 2872 sd
674 2839 700 2874 x.
717 2822 811 2873 solidos
823 2837 944 2886 augmen-
989 2821 1064 2884 sonis,
1084 2821 1210 2883 videlicet,
1234 2825 1344 2888 xxxviij.
1365 2825 1490 2884 librarum,

444 2903 515 2954 terit.
560 2903 700 2968 Grangiam
730 2903 761 2952 de
786 2901 905 2966 nghna
928 2906 943 2948 4
988 2901 1021 2964 vj.
1043 2901 1186 2962 solidorum,
1201 2903 1245 2966 vij.
1267 2903 1423 2954 denariorum
1446 2919 1490 2969 per

442 2983 583 3034 tenentibus
600 2984 633 3032 ed
648 2979 859 3032 firmnmdimisit.
894 2981 943 3030 Εε-
988 2983 1124 3032 snnnmsd
1139 2991 1220 3032 certos
1228 2985 1349 3034 terminos
1360 2999 1489 3041 annornm,

442 3061 942 3128 clesiamdeWughnaadfirmemcepit.
988 3069 1012 3110 et
1032 3060 1120 3124 clxiiij.
1141 3062 1269 3124 librarum,
1290 3062 1325 3125 iij.
1346 3064 1489 3122 solidorum,

442 3143 516 3192 Nora
527 3141 634 3193 aedificis
650 3142 717 3205 apud
728 3139 872 3206 anhnam
884 3156 942 3190 ocu-
987 3139 1042 3201 viij.
1062 3139 1229 3202 denariorum,
1249 3157 1293 3206 per
1312 3157 1415 3204 aunum,
1434 3143 1490 3192 aliis

442 3231 548 3284 struens,
564 3228 655 3286 prater
674 3223 705 3272 de
725 3235 791 3270 noro
811 3218 943 3284 acquisita,
988 3217 1092 3268 dirersis
1109 3221 1224 3283 personis
1236 3223 1268 3271 ad
1279 3221 1412 3272 terminum
1424 3221 1491 3282 ritae,

442 3305 474 3352 sd
487 3319 531 3352 xx.
544 3302 637 3352 solidos
649 3315 746 3350 annuos
762 3299 840 3350 suxit.
875 3299 942 3348 Hor·
987 3296 1155 3362 dimissorum,
1171 3299 1330 3350 venditorum
1347 3309 1373 3352 et
1390 3317 1491 3351 conces·

441 3397 511 3431 reum
522 3397 601 3430 unum
612 3383 644 3430 de
660 3379 768 3444 grangis
784 3380 815 3428 de
831 3379 943 3428 Daltona
988 3391 1080 3438 sorum,
1092 3385 1202 3442 tempore
1218 3379 1358 3429 abbatiatus
1375 3381 1414 3430 sui
1431 3396 1490 3444 pro-

442 3475 561 3510 amovens
584 3461 616 3509 ed
644 3459 785 3522 Skyrenam
808 3458 835 3506 in
859 3458 941 3507 iocum
987 3457 1086 3507 meruit.
1121 3456 1273 3523 Contraque,
1285 3467 1362 3510 terras
1379 3467 1405 3508 et
1421 3466 1490 3507 teue-

442 3538 485 3601 qui
500 3537 591 3587 dicitur
607 3537 745 3601 Whytpoie
763 3537 897 3598 transtulit,
918 3545 942 3586 et
986 3544 1079 3596 ments,
1091 3537 1231 3600 pensiones,
1242 3537 1316 3587 feoda
1327 3543 1353 3586 et
1365 3538 1488 3593 corrodia,

441 3617 598 3668 bercharium
617 3617 677 3666 inde
697 3615 765 3668 fecit.
799 3616 943 3668 Rectosisnr
987 3614 1053 3664 idem
1075 3617 1152 3665 abbas
1182 3615 1289 3668 diversis
1317 3617 1429 3680 personis
1457 3619 1490 3672 sd

441 3695 554 3746 ecclesie
566 3697 596 3746 de
613 3696 762 3746 Nsffretona
778 3699 810 3746 de
827 3697 942 3746 omnibus
987 3694 1120 3744 terminum
1139 3696 1198 3746 iitae
1215 3711 1308 3759 eorum,
1328 3698 1360 3746 ad
1380 3697 1490 3746 valorem

440 3775 602 3838 proventibus
612 3775 691 3839 ipsius
703 3775 815 3825 ecclesia
829 3791 875 3840 pro
892 3792 942 3827 uno
987 3788 1098 3822 annuum
1111 3774 1202 3836 mvj.
1213 3774 1342 3836 librarum,
1359 3791 1385 3826 x.
1397 3775 1489 3824 solido-

440 3855 593 3904 annosimnl
603 3855 735 3920 reparavit.
768 3855 942 3917 Posteanovs
987 3868 1049 3914 rum,
1062 3853 1164 3912 dimisit,
1176 3855 1290 3904 vendidit
1306 3863 1332 3906 et
1343 3855 1487 3906 concessit*

440 3942 583 3986 tenemento
601 3935 629 3986 in
646 3935 761 3986 orientali
781 3943 851 3999 perte
868 3937 942 3986 diotre
987 3931 1172 3984 Remsnserunt
1185 3933 1260 3984 etiam
1273 3943 1332 3984 tunc
1349 3935 1489 3998 pensiones,

440 4013 554 4065 rectoria
574 4021 728 4076 construens,
748 4014 847 4065 firmam
869 4015 942 4066 dicta
986 4012 1229 4072 feodaetoorrodis,
1241 4029 1285 4078 per
1294 4016 1489 4078 praedecesores

440 4093 552 4144 ecclesie
564 4095 597 4144 ad
613 4111 687 4144 uuam
699 4109 810 4145 mmcsm
821 4110 940 4161 augmen·
986 4106 1044 4140 suos
1061 4091 1161 4142 vendite
1178 4098 1204 4142 et
1216 4108 1344 4154 concessa,
1364 4094 1446 4157 xxvij.
1459 4093 1489 4142 li-

440 4173 511 4222 tavit
535 4173 674 4238 Grangiam
682 4175 713 4224 de
722 4175 943 4238 Hayholmoinfra
986 4174 1064 4223 bratus
1083 4181 1109 4224 et
1124 4173 1169 4236 vij.
1186 4175 1300 4225 solidata
1322 4190 1367 4239 per
1386 4190 1488 4224 annum.

439 4251 531 4302 fossata
542 4253 687 4302 conclusam
703 4252 807 4315 emovit,
826 4261 853 4304 et
869 4261 943 4303 extra
987 4250 1090 4301 Summa
1101 4268 1204 4302 onerum
1221 4269 1266 4316 per
1276 4268 1371 4303 annum
1389 4256 1422 4304 ad
1439 4261 1488 4304 ter·

440 4331 534 4382 fossata
545 4331 686 4382 collocavit„
715 4333 941 4394 Aulsm‚cameras
986 4331 1081 4380 minum
1092 4330 1151 4382 vitoe
1163 4339 1188 4382 et
1199 4335 1375 4394 annornm,sd
1390 4335 1486 4382 dictum

440 4418 465 4461 et
472 4413 605 4472 stabulum,
614 4411 679 4461 inira
686 4410 821 4475 hospitium
829 4421 943 4464 nostrum
986 4409 1076 4460 festum
1088 4410 1184 4472 Pascis,
1197 4412 1264 4475 lxiij.
1276 4411 1373 4462 libratae
1387 4421 1412 4462 et
1423 4412 1486 4475 xvij.

440 4491 598 4544 montense
614 4507 660 4557 pro
671 4507 698 4542 se
709 4491 763 4556 ipso
775 4499 800 4542 et
811 4493 941 4544 monachis
986 4489 1091 4540 solidati.
1126 4493 1159 4541 Et
1180 4507 1277 4542 summa
1304 4507 1408 4544 onerum
1429 4508 1486 4557 per-

440 4570 501 4621 illuc
521 4573 697 4623 accedentibus
715 4573 832 4622 decenter
848 4573 881 4622 sd
897 4588 941 4622 ex-

439 4665 528 4714 pensas
539 4653 570 4702 de
587 4653 604 4702 l.
615 4653 696 4712 libris,
707 4659 797 4716 prater
812 4653 939 4716 proprium
961 4682 963 4695 ·
1011 4657 1140 4710 'Quorum
1157 4657 1222 4710 nlluJ.
1236 4659 1356 4708 librorum.
1373 4671 1394 4702 n
1406 4658 1487 4702 solido·

439 4731 600 4796 memmium,
620 4731 762 4782 sunaus
803 4732 940 4782 Fossiones
960 4706 963 4803 i
984 4722 1487 4829 fumannuomppecsdoeouuaffi

439 4815 465 4858 et
477 4811 593 4860 corrodis
609 4826 653 4874 per
669 4813 864 4874 predecessores
880 4828 939 4862 suos
960 4828 963 4887 p
981 4795 1148 4891 fficgffig
1154 4797 1387 4900 Ξίωζῗιῶᾜὸ
1393 4848 1486 4892 Domini

438 4902 556 4939 concessa
567 4896 593 4938 et
603 4891 715 4951 vendita,
725 4893 757 4940 sd
768 4891 878 4942 valorem
894 4907 939 4941 an-
960 4904 963 4948 i
983 4913 1035 4953 reae
1042 4911 1323 4962 remanserint-emm
