3614 5888
492 891 534 952 tl
741 903 920 953 Jouruuns
942 904 988 952 nu
1013 901 1156 965 ursum,
1181 901 1294 952 ineas.

322 1085 390 1136 At).
405 1092 467 1137 1353
490 1071 578 1136 (litas
601 1072 636 1135 iu
659 1071 798 1158 praefato
820 1071 974 1138 Johanne
1001 1073 1042 1137 de
1072 1071 1199 1158 Ryslay
1221 1095 1288 1137 uon
1310 1073 1368 1137 diu
1392 1094 1539 1157 perseve-

321 1159 412 1281 335‘5·
488 1175 587 1254 ravit,
610 1175 695 1239 sicut
711 1174 747 1238 in
768 1195 828 1239 suo
847 1179 993 1262 ternpore
1015 1181 1130 1262 postea
1151 1175 1333 1240 referetur.¹
1379 1175 1540 1240 Praefatus

321 1249 429 1350 odel?
487 1277 599 1364 itaque
631 1277 735 1342 frater
766 1277 906 1343 Thomas
940 1279 980 1343 de
1015 1277 1232 1362 Scbyrborna,
1266 1283 1344 1342 ante
1378 1299 1480 1342 annos
1518 1283 1538 1340 4

321 1365 567 1482 gffiffijnfftunc
609 1379 742 1466 elapsos,
782 1380 945 1445 saecularis
982 1386 1053 1446 erat
1092 1385 1127 1445 et
1163 1379 1356 1466 capellanus,
1395 1381 1539 1444 serviens

321 1501 461 1551 tobecome
487 1483 643 1546 cantoriae
675 1481 765 1569 apud
798 1482 956 1568 capellam
993 1482 1028 1547 in
1063 1482 1169 1560 besec,
1202 1488 1236 1548 et
1274 1483 1310 1546 in
1348 1483 1539 1568 praescripta

319 1567 402 1616 “blm
487 1606 607 1670 magna
621 1585 810 1670 pestilentia
832 1585 874 1649 ad
896 1585 1003 1650 vitam
1018 1591 1214 1664 reservatus,
1239 1607 1314 1650 cum
1336 1585 1538 1671 conspiceret

487 1709 599 1752 omnes
621 1687 798 1752 monachos
821 1688 1013 1752 monasterii
1035 1692 1156 1774 praeter
1180 1693 1222 1751 10
1246 1687 1364 1752 mortis
1386 1687 1537 1752 debitum

487 1789 674 1870 exsolvisse,
713 1811 910 1876 speransque
948 1811 982 1854 se
1019 1790 1108 1875 apud
1146 1790 1302 1855 saeculum
1339 1788 1538 1854 sufficienter

486 1891 585 1958 fuisse
607 1892 836 1980 approbatum,
864 1898 898 1957 et
929 1892 1104 1956 monachos
1139 1892 1175 1956 in
1206 1893 1406 1959 monasterio
1437 1914 1538 1956 reser-

487 2000 582 2060 vatos
603 1995 640 2060 in
670 1995 813 2080 negotiis
842 1993 1054 2060 saecularibus
1087 1999 1245 2082 reputans
1277 1996 1370 2080 quasi
1401 1996 1535 2074 ideotas,

487 2098 523 2162 in
545 2098 744 2163 monachum
766 2119 800 2163 sc
827 2097 898 2162 fieri
928 2097 1119 2183 postulavit,
1143 2103 1183 2162 ut
1213 2098 1379 2173 continuo,
1402 2097 1536 2162 cedente

486 2202 542 2266 vel
572 2201 748 2266 decedente
779 2199 912 2264 domino
943 2198 1109 2264 Willelmo
1139 2201 1180 2264 de
1212 2199 1427 2286 Drynghowe
1458 2206 1537 2264 tunc

486 2303 615 2381 abbate,
648 2303 718 2389 ipsc
751 2303 788 2366 in
822 2301 976 2367 abbatem
1014 2301 1166 2367 omnibus
1199 2302 1416 2389 praeferretur.
1472 2301 1535 2366 Sed

486 2411 599 2471 tamen
620 2405 693 2493 ipsa
714 2404 848 2470 honoris
870 2403 1018 2482 ambitio,
1034 2409 1074 2468 ut
1088 2405 1315 2490 praemittitur,
1331 2403 1462 2490 repulsa
1476 2408 1533 2467 est

487 2507 554 2588 Qui
574 2513 696 2595 postea,
718 2507 755 2572 in
784 2505 983 2571 monasterio
1020 2506 1189 2592 Ryevallis
1218 2506 1332 2571 abbati
1364 2506 1445 2570 dicti
1467 2527 1535 2568 mo-

320 2624 424 2690 Kayng-
485 2610 623 2676 nasterii
660 2608 832 2696 professus,
870 2609 907 2672 in
938 2607 1083 2674 Domino
1112 2606 1299 2695 requievit.l
1354 2608 1532 2693 Postquam

320 2693 386 2742 ham.
486 2719 598 2778 autem
620 2711 831 2799 praescriptus
853 2711 1006 2777 dominus
1027 2711 1197 2776 lohannes
1213 2711 1254 2776 de
1276 2711 1428 2796 Botheby
1452 2732 1533 2797 prae-

318 2772 589 2887 dildlrffentfatam
611 2814 779 2881 ecclesiam
812 2813 853 2878 de
885 2811 1087 2899 Kayngham
1118 2835 1177 2900 per
1210 2817 1254 2878 10
1283 2835 1387 2878 annos
1410 2817 1443 2878 et
1466 2835 1534 2876 am-

318 2904 434 2972 Botheby
447 2914 473 2956 ‘⁰
486 2918 598 3005 plius³
619 2917 809 3005 possideret,
831 2937 890 3003 per
913 2920 932 2981 6
955 2916 1110 2981 videlicet
1140 2937 1244 2980 annos
1266 2921 1344 2980 ante
1366 2915 1533 2980 licentiam

317 2972 458 3088 ppppphtpp
484 3021 757 3110 appropriationis
780 3019 924 3105 ejusdem
946 3019 1109 3104 adeptam,
1124 3039 1183 3104 per
1204 3023 1410 3104 quatuorque
1431 3040 1534 3082 annos

317 3103 468 3220 pipippham,
485 3131 519 3191 et
545 3125 686 3212 amplius
715 3127 888 3209 postquam
920 3121 1042 3185 dictam
1075 3120 1242 3185 eeclesiam
1275 3120 1533 3208 archiepiscopus

318 3239 464 3302 mnuityof
485 3227 706 3304 Eborecensis
738 3227 779 3290 de
813 3245 971 3289 consensu
1004 3222 1142 3309 capituli
1173 3223 1386 3288 Eboracensis
1418 3244 1533 3310 appro-

318 3309 350 3354 ⁵⁰
361 3306 454 3357 marks.
484 3331 636 3417 priatam,
669 3328 765 3394 nobis
796 3331 998 3393 concesserat
1029 3330 1187 3411 perpetuo
1218 3325 1457 3413 possidendam,
1484 3326 1533 3390 ita

484 3434 573 3519 quod
595 3432 729 3498 cedente
752 3430 807 3494 vel
836 3429 1014 3494 decedente
1043 3429 1181 3514 praefato
1212 3429 1345 3495 domino
1371 3430 1532 3508 Johanne,

483 3534 589 3601 tune*
610 3538 736 3600 rectore
759 3531 901 3598 ecclesia
916 3537 1115 3609 memoratae,
1138 3533 1373 3618 possessionem
1388 3531 1531 3617 ejusdem

484 3638 625 3703 ecclesiae
648 3637 694 3701 sic
720 3635 870 3700 vacantis
899 3635 1042 3700 nancisci
1074 3641 1108 3700 et
1138 3634 1387 3721 apprehendere,
1408 3634 1533 3700 fructus

484 3744 518 3803 ct
540 3744 721 3827 proventus
743 3737 889 3823 ejusdem
919 3737 1061 3803 ecclesiae
1085 3737 1258 3824 percipere,
1280 3743 1315 3802 ct
1336 3737 1439 3803 libere
1460 3757 1532 3823 pos·

483 3863 591 3907 semus
622 3841 795 3929 disponere
825 3840 866 3906 de
897 3840 1027 3918 eisdem,
1050 3840 1138 3906 idem
1169 3840 1321 3906 dominus
1343 3837 1533 3918 ‹lohannesl

484 3967 616 4031 sperans
638 3965 672 4010 se
695 3943 862 4009 ecclesiam
884 3943 983 4007 aliam
1006 3940 1068 4008 eass
1092 3943 1234 4030 amplius
1257 3943 1423 4008 valentem
1451 3942 1531 4007 alibi

483 4048 690 4133 adepturum,
713 4068 788 4112 curn
820 4045 957 4132 praefato
989 4045 1123 4111 domino
1152 4044 1306 4125 Johanne
1333 4045 1373 4110 de
1403 4045 1532 4131 Ryslay

483 4150 605 4216 abbate
620 4150 821 4214 verbotenus
836 4147 1057 4225 concordavit,
1072 4154 1120 4225 ut,
1135 4147 1164 4212 si
1186 4169 1246 4212 nos
1269 4147 1375 4213 eidem
1398 4148 1531 4212 domino

484 4253 507 4317 J
510 4253 633 4318 ohanni
656 4251 698 4318 de
721 4249 895 4336 Botheby⁷
918 4250 1036 4316 rectori
1063 4253 1105 4314 50
1128 4271 1254 4315 marcas
1284 4251 1466 4326 annuatim,
1488 4249 1530 4314 ad

517 4507 525 4538 ¹
546 4505 590 4558 Sic
601 4506 673 4556 edom
692 4541 698 4556 .
715 4543 722 4555 .
739 4505 875 4570 referetur]
897 4504 986 4567 placed
1066 4502 1075 4534 ⁴
1095 4501 1165 4567 mne]
1178 4501 1292 4568 wanting
1302 4501 1329 4551 in
1341 4503 1370 4552 P.

482 4589 572 4648 below,
594 4589 658 4636 aster
686 4585 728 4635 the
751 4593 867 4634 sentence
889 4584 985 4648 ending
1064 4583 1153 4632 ‘’idcm
1170 4621 1177 4633 .
1195 4619 1202 4632 .
1219 4581 1361 4646 Jolraares]
1381 4581 1493 4647 wanting
1504 4583 1531 4632 in

483 4667 581 4731 repulsa
593 4673 636 4724 est,
647 4665 677 4714 P.
1030 4662 1059 4712 P.

516 4745 527 4776 ‘2
547 4745 599 4804 Qui
611 4783 616 4794 .
630 4781 635 4794 .
648 4743 778 4809 requievit]
792 4743 906 4807 wnnfing
915 4741 942 4791 in
952 4743 981 4792 P.
1062 4739 1073 4772 ⁶
1090 4740 1133 4806 ea]
1152 4755 1191 4801 eo,
1207 4741 1264 4792 MS.

517 4822 527 4854 ³
540 4825 615 4873 Alter
625 4822 730 4888 amplius
741 4823 819 4872 insert
830 4822 941 4888 pacifice,
951 4821 979 4871 1.
1061 4823 1072 4860 ⁷
1089 4823 1118 4872 de
1130 4823 1257 4890 Bolheby]
1270 4823 1384 4888 wanting
1395 4825 1421 4874 in
1433 4825 1463 4876 P.
