<?xml version="1.0" encoding="UTF-8"?>
<!DOCTYPE html PUBLIC "-//W3C//DTD XHTML 1.0 Transitional//EN"
    "http://www.w3.org/TR/xhtml1/DTD/xhtml1-transitional.dtd">
<html xmlns="http://www.w3.org/1999/xhtml" xml:lang="en" lang="en">
 <head>
  <title>
</title>
<meta http-equiv="Content-Type" content="text/html;charset=utf-8" />
  <meta name='ocr-system' content='tesseract 3.04.00' />
  <meta name='ocr-capabilities' content='ocr_page ocr_carea ocr_par ocr_line ocrx_word'/>
</head>
<body>
  <div class='ocr_page' id='page_1' title='image "./chronicamonaste01thomgoog_0228.png"; bbox 0 0 3614 5888; ppageno 0'>
   <div class='ocr_carea' id='block_1_1' title="bbox 443 863 1284 933">
    <p class='ocr_par' dir='ltr' id='par_1_1' title="bbox 443 863 1284 933">
     <span class='ocr_line' id='line_1_1' title="bbox 443 863 1284 933; baseline -0.008 -1"><span class='ocrx_word' id='word_1_1' title='bbox 443 863 507 933; x_wconf 86' lang='grc'><strong>116</strong></span> <span class='ocrx_word' id='word_1_2' title='bbox 644 879 819 929; x_wconf 72' lang='lat' dir='ltr'><strong>musaeus</strong></span> <span class='ocrx_word' id='word_1_3' title='bbox 841 875 950 928; x_wconf 78' lang='lat' dir='ltr'><strong>annae</strong></span> <span class='ocrx_word' id='word_1_4' title='bbox 972 877 1101 926; x_wconf 72' lang='lat' dir='ltr'><strong>sauros</strong></span> <span class='ocrx_word' id='word_1_5' title='bbox 1124 875 1284 926; x_wconf 78' lang='lat' dir='ltr'><strong>aremus,</strong></span> 
     </span>
    </p>
   </div>
   <div class='ocr_carea' id='block_1_2' title="bbox 275 1047 1493 2676">
    <p class='ocr_par' dir='ltr' id='par_1_2' title="bbox 275 1047 1493 2676">
     <span class='ocr_line' id='line_1_2' title="bbox 276 1047 1487 1139; baseline -0.003 -25"><span class='ocrx_word' id='word_1_6' title='bbox 276 1061 345 1114; x_wconf 70' lang='grc' dir='ltr'><strong>Μ).</strong></span> <span class='ocrx_word' id='word_1_7' title='bbox 358 1068 423 1115; x_wconf 81' lang='lat' dir='ltr'><strong>raso</strong></span> <span class='ocrx_word' id='word_1_8' title='bbox 443 1072 596 1138; x_wconf 84' lang='lat' dir='ltr'><strong>expensae</strong></span> <span class='ocrx_word' id='word_1_9' title='bbox 633 1057 856 1139; x_wconf 86' lang='lat' dir='ltr'><strong>competentes</strong></span> <span class='ocrx_word' id='word_1_10' title='bbox 892 1058 927 1117; x_wconf 88' lang='lat' dir='ltr'><strong>et</strong></span> <span class='ocrx_word' id='word_1_11' title='bbox 965 1052 1112 1118; x_wconf 84' lang='lat' dir='ltr'><strong>lronestae</strong></span> <span class='ocrx_word' id='word_1_12' title='bbox 1149 1073 1187 1117; x_wconf 85' lang='lat' dir='ltr'><strong>ac</strong></span> <span class='ocrx_word' id='word_1_13' title='bbox 1224 1051 1413 1118; x_wconf 75' lang='lat' dir='ltr'><strong>necessariae</strong></span> <span class='ocrx_word' id='word_1_14' title='bbox 1451 1047 1487 1111; x_wconf 86' lang='lat' dir='ltr'><strong>in</strong></span> 
     </span>
     <span class='ocr_line' id='line_1_3' title="bbox 276 1135 1490 1241; baseline -0.003 -22"><span class='ocrx_word' id='word_1_15' title='bbox 276 1135 365 1182; x_wconf 83' lang='lat'>&#39;¹³⁶⁷&#39;</span> <span class='ocrx_word' id='word_1_16' title='bbox 444 1155 537 1220; x_wconf 90' lang='lat' dir='ltr'><strong>victu</strong></span> <span class='ocrx_word' id='word_1_17' title='bbox 568 1161 602 1220; x_wconf 92' lang='lat' dir='ltr'><strong>et</strong></span> <span class='ocrx_word' id='word_1_18' title='bbox 635 1157 762 1221; x_wconf 84' lang='lat' dir='ltr'><strong>vestitu</strong></span> <span class='ocrx_word' id='word_1_19' title='bbox 794 1156 830 1219; x_wconf 93' lang='lat' dir='ltr'><strong>in</strong></span> <span class='ocrx_word' id='word_1_20' title='bbox 861 1155 953 1220; x_wconf 89' lang='lat' dir='ltr'><strong>curia</strong></span> <span class='ocrx_word' id='word_1_21' title='bbox 990 1155 1149 1232; x_wconf 87' lang='lat' dir='ltr'><strong>Romane,</strong></span> <span class='ocrx_word' id='word_1_22' title='bbox 1188 1154 1326 1241; x_wconf 85' lang='lat' dir='ltr'><strong>singulis</strong></span> <span class='ocrx_word' id='word_1_23' title='bbox 1362 1152 1490 1228; x_wconf 88' lang='lat' dir='ltr'><strong>diebus,</strong></span> 
     </span>
     <span class='ocr_line' id='line_1_4' title="bbox 441 1249 1490 1344; baseline -0.003 -23"><span class='ocrx_word' id='word_1_24' title='bbox 441 1257 547 1322; x_wconf 89' lang='lat' dir='ltr'><strong>eidem</strong></span> <span class='ocrx_word' id='word_1_25' title='bbox 562 1257 829 1344; x_wconf 76' lang='lat' dir='ltr'><strong>perpraedictum</strong></span> <span class='ocrx_word' id='word_1_26' title='bbox 844 1256 980 1322; x_wconf 84' lang='lat' dir='ltr'><strong>fratrem</strong></span> <span class='ocrx_word' id='word_1_27' title='bbox 996 1255 1208 1322; x_wconf 79' lang='lat' dir='ltr'><strong>Johannem¹</strong></span> <span class='ocrx_word' id='word_1_28' title='bbox 1223 1249 1490 1343; x_wconf 81' lang='lat' dir='ltr'><strong>procuratorem²</strong></span> 
     </span>
     <span class='ocr_line' id='line_1_5' title="bbox 442 1357 1491 1447; baseline -0.005 -23"><span class='ocrx_word' id='word_1_29' title='bbox 442 1359 717 1440; x_wconf 71' lang='lat' dir='ltr'><strong>ministrarentur,</strong></span> <span class='ocrx_word' id='word_1_30' title='bbox 733 1381 902 1447; x_wconf 83' lang='lat' dir='ltr'>quousque</span> <span class='ocrx_word' id='word_1_31' title='bbox 924 1358 1187 1446; x_wconf 65' lang='lat' dir='ltr'><strong>procuratorium</strong></span> <span class='ocrx_word' id='word_1_32' title='bbox 1209 1357 1372 1424; x_wconf 80' lang='lat' dir='ltr'><strong>sufficiam</strong></span> <span class='ocrx_word' id='word_1_33' title='bbox 1393 1375 1491 1442; x_wconf 87' lang='lat' dir='ltr'><strong>super</strong></span> 
     </span>
     <span class='ocr_line' id='line_1_6' title="bbox 442 1461 1489 1550; baseline -0.004 -24"><span class='ocrx_word' id='word_1_34' title='bbox 442 1461 595 1528; x_wconf 87' lang='lat' dir='ltr'><strong>omnibus</strong></span> <span class='ocrx_word' id='word_1_35' title='bbox 625 1461 829 1550; x_wconf 76' lang='lat' dir='ltr'><strong>praemissis⁸</strong></span> <span class='ocrx_word' id='word_1_36' title='bbox 860 1463 901 1528; x_wconf 89' lang='lat' dir='ltr'><strong>dc</strong></span> <span class='ocrx_word' id='word_1_37' title='bbox 934 1463 1086 1550; x_wconf 83' lang='lat' dir='ltr'><strong>partibus</strong></span> <span class='ocrx_word' id='word_1_38' title='bbox 1117 1462 1183 1528; x_wconf 90' lang='lat' dir='ltr'><strong>hiis</strong></span> <span class='ocrx_word' id='word_1_39' title='bbox 1220 1463 1420 1549; x_wconf 79' lang='lat' dir='ltr'><strong>portaretur,</strong></span> <span class='ocrx_word' id='word_1_40' title='bbox 1454 1463 1489 1522; x_wconf 92' lang='lat' dir='ltr'><strong>et</strong></span> 
     </span>
     <span class='ocr_line' id='line_1_7' title="bbox 442 1562 1491 1652; baseline -0.007 -22"><span class='ocrx_word' id='word_1_41' title='bbox 442 1565 634 1650; x_wconf 83' lang='lat' dir='ltr'><strong>compositio</strong></span> <span class='ocrx_word' id='word_1_42' title='bbox 657 1569 693 1631; x_wconf 90' lang='lat' dir='ltr'><strong>et</strong></span> <span class='ocrx_word' id='word_1_43' title='bbox 715 1563 888 1632; x_wconf 88' lang='lat' dir='ltr'><strong>concordia</strong></span> <span class='ocrx_word' id='word_1_44' title='bbox 902 1564 1070 1652; x_wconf 79' lang='lat' dir='ltr'><strong>praedictae</strong></span> <span class='ocrx_word' id='word_1_45' title='bbox 1091 1564 1201 1631; x_wconf 88' lang='lat' dir='ltr'><strong>forent</strong></span> <span class='ocrx_word' id='word_1_46' title='bbox 1223 1562 1433 1650; x_wconf 79' lang='lat' dir='ltr'><strong>adimpletae;</strong></span> <span class='ocrx_word' id='word_1_47' title='bbox 1456 1565 1491 1624; x_wconf 92' lang='lat' dir='ltr'><strong>et</strong></span> 
     </span>
     <span class='ocr_line' id='line_1_8' title="bbox 276 1667 1489 1754; baseline -0.003 -22"><span class='ocrx_word' id='word_1_48' title='bbox 276 1677 406 1742; x_wconf 76' lang='lat' dir='ltr'><strong>Itxpmre·</strong></span> <span class='ocrx_word' id='word_1_49' title='bbox 443 1667 532 1752; x_wconf 91' lang='lat' dir='ltr'><strong>quod</strong></span> <span class='ocrx_word' id='word_1_50' title='bbox 563 1667 671 1733; x_wconf 88' lang='lat' dir='ltr'><strong>dictus</strong></span> <span class='ocrx_word' id='word_1_51' title='bbox 702 1667 856 1733; x_wconf 90' lang='lat' dir='ltr'><strong>dominus</strong></span> <span class='ocrx_word' id='word_1_52' title='bbox 878 1667 902 1732; x_wconf 90' lang='lat' dir='ltr'><strong>J</strong></span> <span class='ocrx_word' id='word_1_53' title='bbox 904 1667 1050 1734; x_wconf 86' lang='lat' dir='ltr'><strong>ohannes</strong></span> <span class='ocrx_word' id='word_1_54' title='bbox 1083 1671 1284 1754; x_wconf 88' lang='lat' dir='ltr'><strong>procurator,</strong></span> <span class='ocrx_word' id='word_1_55' title='bbox 1308 1671 1384 1754; x_wconf 92' lang='lat' dir='ltr'><strong>post</strong></span> <span class='ocrx_word' id='word_1_56' title='bbox 1414 1685 1489 1729; x_wconf 93' lang='lat' dir='ltr'><strong>con-</strong></span> 
     </span>
     <span class='ocr_line' id='line_1_9' title="bbox 277 1745 1492 1861; baseline -0.005 -24"><span class='ocrx_word' id='word_1_57' title='bbox 277 1745 392 1861; x_wconf 53' lang='lat' dir='ltr'><strong>{ffiof</strong></span> <span class='ocrx_word' id='word_1_58' title='bbox 442 1769 585 1836; x_wconf 87' lang='lat' dir='ltr'><strong>cordiam</strong></span> <span class='ocrx_word' id='word_1_59' title='bbox 624 1775 659 1836; x_wconf 91' lang='lat' dir='ltr'><strong>et</strong></span> <span class='ocrx_word' id='word_1_60' title='bbox 696 1769 966 1858; x_wconf 89' lang='lat' dir='ltr'><strong>compositionem</strong></span> <span class='ocrx_word' id='word_1_61' title='bbox 1005 1767 1182 1858; x_wconf 83' lang='lat' dir='ltr'><strong>praedictas</strong></span> <span class='ocrx_word' id='word_1_62' title='bbox 1220 1769 1267 1835; x_wconf 86' lang='lat' dir='ltr'><strong>sic</strong></span> <span class='ocrx_word' id='word_1_63' title='bbox 1304 1764 1492 1855; x_wconf 86' lang='lat' dir='ltr'><strong>completas,</strong></span> 
     </span>
     <span class='ocr_line' id='line_1_10' title="bbox 276 1869 1492 1958; baseline -0.003 -20"><span class='ocrx_word' id='word_1_64' title='bbox 276 1879 365 1928; x_wconf 77' lang='lat' dir='ltr'><strong>Rome.</strong></span> <span class='ocrx_word' id='word_1_65' title='bbox 443 1869 583 1938; x_wconf 87' lang='lat' dir='ltr'><strong>indilate</strong></span> <span class='ocrx_word' id='word_1_66' title='bbox 606 1873 749 1940; x_wconf 86' lang='lat' dir='ltr'><strong>solveret</strong></span> <span class='ocrx_word' id='word_1_67' title='bbox 781 1873 871 1939; x_wconf 88' lang='lat' dir='ltr'><strong>dicto</strong></span> <span class='ocrx_word' id='word_1_68' title='bbox 894 1873 1028 1940; x_wconf 91' lang='lat' dir='ltr'><strong>domino</strong></span> <span class='ocrx_word' id='word_1_69' title='bbox 1050 1871 1228 1952; x_wconf 81' lang='lat' dir='ltr'><strong>willelmo,</strong></span> <span class='ocrx_word' id='word_1_70' title='bbox 1250 1893 1311 1958; x_wconf 89' lang='lat' dir='ltr'><strong>pro</strong></span> <span class='ocrx_word' id='word_1_71' title='bbox 1340 1869 1492 1958; x_wconf 77' lang='lat' dir='ltr'><strong>expensis</strong></span> 
     </span>
     <span class='ocr_line' id='line_1_11' title="bbox 442 1972 1491 2062; baseline -0.003 -22"><span class='ocrx_word' id='word_1_72' title='bbox 442 1975 540 2041; x_wconf 86' lang='lat' dir='ltr'><strong>factis</strong></span> <span class='ocrx_word' id='word_1_73' title='bbox 562 1975 599 2040; x_wconf 94' lang='lat' dir='ltr'><strong>in</strong></span> <span class='ocrx_word' id='word_1_74' title='bbox 620 1976 712 2042; x_wconf 88' lang='lat' dir='ltr'><strong>curia</strong></span> <span class='ocrx_word' id='word_1_75' title='bbox 735 1975 893 2055; x_wconf 84' lang='lat' dir='ltr'><strong>Romana,</strong></span> <span class='ocrx_word' id='word_1_76' title='bbox 920 1980 962 2041; x_wconf 92' lang='lat'><strong>10</strong></span> <span class='ocrx_word' id='word_1_77' title='bbox 984 1997 1109 2042; x_wconf 85' lang='lat' dir='ltr'><strong>mareas</strong></span> <span class='ocrx_word' id='word_1_78' title='bbox 1130 1975 1370 2062; x_wconf 83' lang='lat' dir='ltr'><strong>sterlingorum.</strong></span> <span class='ocrx_word' id='word_1_79' title='bbox 1410 1972 1491 2053; x_wconf 81' lang='lat' dir='ltr'><strong>Qui-</strong></span> 
     </span>
     <span class='ocr_line' id='line_1_12' title="bbox 442 2071 1492 2166; baseline -0.002 -24"><span class='ocrx_word' id='word_1_80' title='bbox 442 2077 504 2143; x_wconf 87' lang='lat' dir='ltr'><strong>bus</strong></span> <span class='ocrx_word' id='word_1_81' title='bbox 525 2099 603 2166; x_wconf 83' lang='lat' dir='ltr'><strong>ergo</strong></span> <span class='ocrx_word' id='word_1_82' title='bbox 634 2078 869 2165; x_wconf 76' lang='lat' dir='ltr'><strong>compositione</strong></span> <span class='ocrx_word' id='word_1_83' title='bbox 900 2083 936 2144; x_wconf 91' lang='lat' dir='ltr'><strong>et</strong></span> <span class='ocrx_word' id='word_1_84' title='bbox 969 2077 1143 2144; x_wconf 91' lang='lat' dir='ltr'><strong>concordia</strong></span> <span class='ocrx_word' id='word_1_85' title='bbox 1163 2099 1222 2165; x_wconf 88' lang='lat' dir='ltr'><strong>per</strong></span> <span class='ocrx_word' id='word_1_86' title='bbox 1243 2071 1492 2143; x_wconf 81' lang='lat' dir='ltr'><strong>intemuntioe⁴</strong></span> 
     </span>
     <span class='ocr_line' id='line_1_13' title="bbox 277 2177 1491 2268; baseline 0.001 -28"><span class='ocrx_word' id='word_1_87' title='bbox 277 2187 422 2241; x_wconf 70' lang='lat' dir='ltr'><strong>nuatum</strong></span> <span class='ocrx_word' id='word_1_88' title='bbox 442 2179 640 2268; x_wconf 71' lang='lat' dir='ltr'><strong>adimpletis,</strong></span> <span class='ocrx_word' id='word_1_89' title='bbox 670 2180 779 2246; x_wconf 87' lang='lat' dir='ltr'><strong>dictus</strong></span> <span class='ocrx_word' id='word_1_90' title='bbox 811 2179 964 2246; x_wconf 89' lang='lat' dir='ltr'><strong>dominus</strong></span> <span class='ocrx_word' id='word_1_91' title='bbox 994 2178 1189 2259; x_wconf 80' lang='lat' dir='ltr'><strong>willelmus,</strong></span> <span class='ocrx_word' id='word_1_92' title='bbox 1221 2179 1368 2246; x_wconf 77' lang='lat' dir='ltr'><strong>iterum⁵</strong></span> <span class='ocrx_word' id='word_1_93' title='bbox 1389 2177 1491 2243; x_wconf 84' lang='lat' dir='ltr'><strong>abbas</strong></span> 
     </span>
     <span class='ocr_line' id='line_1_14' title="bbox 275 2256 1493 2390; baseline -0.003 -42"><span class='ocrx_word' id='word_1_94' title='bbox 275 2256 584 2390; x_wconf 52' lang='lat' dir='ltr'><strong>ssoffimsuturua</strong></span> <span class='ocrx_word' id='word_1_95' title='bbox 607 2305 680 2348; x_wconf 89' lang='lat' dir='ltr'><strong>cum</strong></span> <span class='ocrx_word' id='word_1_96' title='bbox 704 2281 842 2369; x_wconf 79' lang='lat' dir='ltr'><strong>praefatc</strong></span> <span class='ocrx_word' id='word_1_97' title='bbox 863 2280 990 2348; x_wconf 83' lang='lat' dir='ltr'><strong>fratre⁰</strong></span> <span class='ocrx_word' id='word_1_98' title='bbox 1011 2281 1167 2348; x_wconf 85' lang='lat' dir='ltr'><strong>Johanrre</strong></span> <span class='ocrx_word' id='word_1_99' title='bbox 1188 2281 1230 2347; x_wconf 93' lang='lat' dir='ltr'><strong>de</strong></span> <span class='ocrx_word' id='word_1_100' title='bbox 1253 2281 1427 2359; x_wconf 85' lang='lat' dir='ltr'><strong>Newtona,</strong></span> <span class='ocrx_word' id='word_1_101' title='bbox 1450 2279 1493 2344; x_wconf 90' lang='lat' dir='ltr'><strong>ad</strong></span> 
     </span>
     <span class='ocr_line' id='line_1_15' title="bbox 443 2381 1492 2470; baseline -0.004 -20"><span class='ocrx_word' id='word_1_102' title='bbox 443 2385 680 2450; x_wconf 83' lang='lat' dir='ltr'><strong>monasterium</strong></span> <span class='ocrx_word' id='word_1_103' title='bbox 714 2383 874 2464; x_wconf 79' lang='lat' dir='ltr'><strong>rediebat,</strong></span> <span class='ocrx_word' id='word_1_104' title='bbox 898 2382 1115 2470; x_wconf 86' lang='lat' dir='ltr'><strong>monachique</strong></span> <span class='ocrx_word' id='word_1_105' title='bbox 1145 2381 1268 2449; x_wconf 67' lang='lat' dir='ltr'><strong>illuml</strong></span> <span class='ocrx_word' id='word_1_106' title='bbox 1290 2382 1335 2448; x_wconf 89' lang='lat' dir='ltr'><strong>ad</strong></span> <span class='ocrx_word' id='word_1_107' title='bbox 1367 2381 1492 2448; x_wconf 86' lang='lat' dir='ltr'><strong>curiam</strong></span> 
     </span>
     <span class='ocr_line' id='line_1_16' title="bbox 443 2483 1490 2574; baseline -0.003 -22"><span class='ocrx_word' id='word_1_108' title='bbox 443 2485 650 2565; x_wconf 86' lang='lat' dir='ltr'><strong>comitantes,</strong></span> <span class='ocrx_word' id='word_1_109' title='bbox 674 2486 861 2573; x_wconf 89' lang='lat' dir='ltr'><strong>impetratis</strong></span> <span class='ocrx_word' id='word_1_110' title='bbox 880 2507 981 2573; x_wconf 89' lang='lat' dir='ltr'><strong>super</strong></span> <span class='ocrx_word' id='word_1_111' title='bbox 1003 2486 1064 2552; x_wconf 89' lang='lat' dir='ltr'><strong>hoc</strong></span> <span class='ocrx_word' id='word_1_112' title='bbox 1085 2486 1208 2553; x_wconf 84' lang='lat' dir='ltr'><strong>litteris</strong></span> <span class='ocrx_word' id='word_1_113' title='bbox 1229 2484 1427 2574; x_wconf 88' lang='lat' dir='ltr'><strong>apostolicis,</strong></span> <span class='ocrx_word' id='word_1_114' title='bbox 1449 2483 1490 2549; x_wconf 89' lang='lat' dir='ltr'><strong>ad</strong></span> 
     </span>
     <span class='ocr_line' id='line_1_17' title="bbox 442 2587 1241 2676; baseline 0 -22"><span class='ocrx_word' id='word_1_115' title='bbox 442 2588 582 2676; x_wconf 86' lang='lat' dir='ltr'><strong>gradum</strong></span> <span class='ocrx_word' id='word_1_116' title='bbox 605 2610 702 2654; x_wconf 91' lang='lat' dir='ltr'><strong>suum</strong></span> <span class='ocrx_word' id='word_1_117' title='bbox 724 2589 904 2674; x_wconf 86' lang='lat' dir='ltr'><strong>pristinum</strong></span> <span class='ocrx_word' id='word_1_118' title='bbox 926 2587 1062 2654; x_wconf 84' lang='lat' dir='ltr'><strong>fuerunt</strong></span> <span class='ocrx_word' id='word_1_119' title='bbox 1083 2587 1241 2654; x_wconf 84' lang='lat' dir='ltr'><strong>restituti</strong></span> 
     </span>
    </p>
   </div>
   <div class='ocr_carea' id='block_1_3' title="bbox 445 2899 1493 3191">
    <p class='ocr_par' dir='ltr' id='par_1_3' title="bbox 445 2899 1493 3191">
     <span class='ocr_line' id='line_1_18' title="bbox 445 2899 1493 2988; baseline 0.004 -24"><span class='ocrx_word' id='word_1_120' title='bbox 445 2899 491 2966; x_wconf 94' lang='lat' dir='ltr'><strong>II.</strong></span> <span class='ocrx_word' id='word_1_121' title='bbox 522 2899 572 2966; x_wconf 89' lang='lat' dir='ltr'><strong>Dc</strong></span> <span class='ocrx_word' id='word_1_122' title='bbox 593 2899 801 2967; x_wconf 69' lang='lat' dir='ltr'><strong>buccorcato</strong></span> <span class='ocrx_word' id='word_1_123' title='bbox 819 2899 1032 2986; x_wconf 73' lang='lat' dir='ltr'><strong>pcrwrbmaa</strong></span> <span class='ocrx_word' id='word_1_124' title='bbox 1053 2899 1167 2968; x_wconf 84' lang='lat' dir='ltr'><strong>ubbutc&#39;</strong></span> <span class='ocrx_word' id='word_1_125' title='bbox 1188 2900 1409 2968; x_wconf 77' lang='lat' dir='ltr'><strong>Albcmocla&#39;oe</strong></span> <span class='ocrx_word' id='word_1_126' title='bbox 1426 2922 1493 2988; x_wconf 73' lang='lat' dir='ltr'><strong>prro</strong></span> 
     </span>
     <span class='ocr_line' id='line_1_19' title="bbox 532 3000 1493 3091; baseline 0 -23"><span class='ocrx_word' id='word_1_127' title='bbox 532 3001 677 3069; x_wconf 60' lang='lat' dir='ltr'><strong>euchata</strong></span> <span class='ocrx_word' id='word_1_128' title='bbox 702 3001 743 3068; x_wconf 84' lang='lat' dir='ltr'><strong>do</strong></span> <span class='ocrx_word' id='word_1_129' title='bbox 765 3000 901 3088; x_wconf 75' lang='lat' dir='ltr'><strong>Slcypsc,</strong></span> <span class='ocrx_word' id='word_1_130' title='bbox 923 3002 1123 3090; x_wconf 70' lang='lat' dir='ltr'><strong>Esyaqtoao</strong></span> <span class='ocrx_word' id='word_1_131' title='bbox 1144 3011 1175 3070; x_wconf 86' lang='lat' dir='ltr'><strong>et</strong></span> <span class='ocrx_word' id='word_1_132' title='bbox 1204 3003 1432 3091; x_wconf 56' lang='lat' dir='ltr'><strong>Kaprokeram</strong></span> <span class='ocrx_word' id='word_1_133' title='bbox 1462 3010 1493 3068; x_wconf 84' lang='lat' dir='ltr'><strong>et</strong></span> 
     </span>
     <span class='ocr_line' id='line_1_20' title="bbox 531 3103 1411 3191; baseline 0.003 -22"><span class='ocrx_word' id='word_1_134' title='bbox 531 3103 740 3171; x_wconf 65' lang='lat' dir='ltr'><strong>retractione</strong></span> <span class='ocrx_word' id='word_1_135' title='bbox 757 3103 854 3190; x_wconf 67' lang='lat' dir='ltr'><strong>jurab</strong></span> <span class='ocrx_word' id='word_1_136' title='bbox 872 3104 1181 3191; x_wconf 68' lang='lat' dir='ltr'><strong>prosecatattoawm</strong></span> <span class='ocrx_word' id='word_1_137' title='bbox 1202 3105 1250 3172; x_wconf 83' lang='lat' dir='ltr'><strong>ud</strong></span> <span class='ocrx_word' id='word_1_138' title='bbox 1272 3105 1411 3172; x_wconf 68' lang='lat' dir='ltr'><strong>micat</strong></span> 
     </span>
    </p>
   </div>
   <div class='ocr_carea' id='block_1_4' title="bbox 278 3261 1491 3353">
    <p class='ocr_par' dir='ltr' id='par_1_4' title="bbox 278 3261 1491 3353">
     <span class='ocr_line' id='line_1_21' title="bbox 278 3261 1491 3353; baseline 0 -24"><span class='ocrx_word' id='word_1_139' title='bbox 278 3276 383 3344; x_wconf 71' lang='lat' dir='ltr'><strong>skypse</strong></span> <span class='ocrx_word' id='word_1_140' title='bbox 489 3261 570 3330; x_wconf 88' lang='lat' dir='ltr'><strong>Post</strong></span> <span class='ocrx_word' id='word_1_141' title='bbox 603 3263 788 3352; x_wconf 90' lang='lat' dir='ltr'><strong>captionem</strong></span> <span class='ocrx_word' id='word_1_142' title='bbox 820 3269 932 3331; x_wconf 90' lang='lat' dir='ltr'><strong>autem</strong></span> <span class='ocrx_word' id='word_1_143' title='bbox 962 3263 1126 3330; x_wconf 85' lang='lat' dir='ltr'><strong>Johannis</strong></span> <span class='ocrx_word' id='word_1_144' title='bbox 1158 3265 1244 3353; x_wconf 85' lang='lat' dir='ltr'><strong>regis</strong></span> <span class='ocrx_word' id='word_1_145' title='bbox 1277 3265 1424 3331; x_wconf 83' lang='lat' dir='ltr'><strong>Francius</strong></span> <span class='ocrx_word' id='word_1_146' title='bbox 1456 3265 1491 3330; x_wconf 90' lang='lat' dir='ltr'><strong>in</strong></span> 
     </span>
    </p>
   </div>
   <div class='ocr_carea' id='block_1_5' title="bbox 276 3359 1493 3455">
    <p class='ocr_par' dir='ltr' id='par_1_5' title="bbox 276 3359 1493 3455">
     <span class='ocr_line' id='line_1_22' title="bbox 276 3359 1493 3455; baseline 0.006 -30"><span class='ocrx_word' id='word_1_147' title='bbox 276 3359 429 3426; x_wconf 56' lang='lat' dir='ltr'><strong>struem</strong></span> <span class='ocrx_word' id='word_1_148' title='bbox 443 3364 531 3431; x_wconf 91' lang='lat' dir='ltr'><strong>bello</strong></span> <span class='ocrx_word' id='word_1_149' title='bbox 554 3365 743 3432; x_wconf 90' lang='lat' dir='ltr'><strong>Pictavensi</strong></span> <span class='ocrx_word' id='word_1_150' title='bbox 765 3387 823 3453; x_wconf 88' lang='lat' dir='ltr'><strong>per</strong></span> <span class='ocrx_word' id='word_1_151' title='bbox 838 3365 1040 3432; x_wconf 87' lang='lat' dir='ltr'><strong>Edwardum</strong></span> <span class='ocrx_word' id='word_1_152' title='bbox 1063 3367 1320 3455; x_wconf 88' lang='lat' dir='ltr'><strong>primogenitum</strong></span> <span class='ocrx_word' id='word_1_153' title='bbox 1335 3367 1493 3432; x_wconf 84' lang='lat' dir='ltr'><strong>Edwardi</strong></span> 
     </span>
    </p>
   </div>
   <div class='ocr_carea' id='block_1_6' title="bbox 275 3437 1492 3558">
    <p class='ocr_par' dir='ltr' id='par_1_6' title="bbox 275 3437 1492 3558">
     <span class='ocr_line' id='line_1_23' title="bbox 275 3437 1492 3558; baseline 0 -24"><span class='ocrx_word' id='word_1_154' title='bbox 275 3437 382 3556; x_wconf 44' lang='grc' dir='ltr'><em>Ἢ</em></span> <span class='ocrx_word' id='word_1_155' title='bbox 444 3467 531 3554; x_wconf 85' lang='lat' dir='ltr'><strong>regis</strong></span> <span class='ocrx_word' id='word_1_156' title='bbox 553 3467 695 3554; x_wconf 84' lang='lat' dir='ltr'><strong>Angliae,</strong></span> <span class='ocrx_word' id='word_1_157' title='bbox 712 3479 840 3554; x_wconf 89' lang='lat' dir='ltr'><strong>patrem</strong></span> <span class='ocrx_word' id='word_1_158' title='bbox 865 3467 998 3534; x_wconf 90' lang='lat' dir='ltr'><strong>Ricardi</strong></span> <span class='ocrx_word' id='word_1_159' title='bbox 1021 3469 1109 3556; x_wconf 82' lang='lat' dir='ltr'><strong>regis</strong></span> <span class='ocrx_word' id='word_1_160' title='bbox 1131 3467 1288 3548; x_wconf 75' lang='lat' dir='ltr'><strong>secundi,⁸</strong></span> <span class='ocrx_word' id='word_1_161' title='bbox 1303 3475 1343 3535; x_wconf 94' lang='lat' dir='ltr'><strong>ut</strong></span> <span class='ocrx_word' id='word_1_162' title='bbox 1365 3469 1492 3558; x_wconf 89' lang='lat' dir='ltr'><strong>patebit</strong></span> 
     </span>
    </p>
   </div>
   <div class='ocr_carea' id='block_1_7' title="bbox 277 3568 1492 3658">
    <p class='ocr_par' dir='ltr' id='par_1_7' title="bbox 277 3568 1492 3658">
     <span class='ocr_line' id='line_1_24' title="bbox 277 3568 1492 3658; baseline 0.002 -24"><span class='ocrx_word' id='word_1_163' title='bbox 277 3581 401 3634; x_wconf 77' lang='lat' dir='ltr'><strong>caimos</strong></span> <span class='ocrx_word' id='word_1_164' title='bbox 443 3568 591 3648; x_wconf 87' lang='lat' dir='ltr'><strong>inferius,</strong></span> <span class='ocrx_word' id='word_1_165' title='bbox 621 3589 695 3633; x_wconf 89' lang='lat' dir='ltr'><strong>cum</strong></span> <span class='ocrx_word' id='word_1_166' title='bbox 729 3591 797 3656; x_wconf 80' lang='lat' dir='ltr'><strong>pax</strong></span> <span class='ocrx_word' id='word_1_167' title='bbox 830 3569 920 3635; x_wconf 86' lang='lat' dir='ltr'><strong>inter</strong></span> <span class='ocrx_word' id='word_1_168' title='bbox 942 3569 1101 3658; x_wconf 82' lang='lat' dir='ltr'><strong>Anglieos</strong></span> <span class='ocrx_word' id='word_1_169' title='bbox 1135 3581 1170 3637; x_wconf 90' lang='lat' dir='ltr'><strong>et</strong></span> <span class='ocrx_word' id='word_1_170' title='bbox 1202 3571 1345 3638; x_wconf 82' lang='lat' dir='ltr'><strong>Francos</strong></span> <span class='ocrx_word' id='word_1_171' title='bbox 1375 3571 1492 3636; x_wconf 87' lang='lat' dir='ltr'><strong>fuisset</strong></span> 
     </span>
    </p>
   </div>
   <div class='ocr_carea' id='block_1_8' title="bbox 276 3649 1491 3766">
    <p class='ocr_par' dir='ltr' id='par_1_8' title="bbox 276 3649 1491 3766">
     <span class='ocr_line' id='line_1_25' title="bbox 276 3649 1491 3766; baseline 0.002 -28"><span class='ocrx_word' id='word_1_172' title='bbox 276 3649 409 3766; x_wconf 47' lang='lat' dir='ltr'><strong>{mppr</strong></span> <span class='ocrx_word' id='word_1_173' title='bbox 443 3669 628 3750; x_wconf 85' lang='lat' dir='ltr'><strong>reformata,</strong></span> <span class='ocrx_word' id='word_1_174' title='bbox 663 3677 697 3736; x_wconf 91' lang='lat' dir='ltr'><strong>et</strong></span> <span class='ocrx_word' id='word_1_175' title='bbox 730 3693 790 3737; x_wconf 88' lang='lat' dir='ltr'><strong>nos</strong></span> <span class='ocrx_word' id='word_1_176' title='bbox 827 3693 932 3758; x_wconf 89' lang='lat' dir='ltr'><strong>usque</strong></span> <span class='ocrx_word' id='word_1_177' title='bbox 969 3673 1013 3738; x_wconf 87' lang='lat' dir='ltr'><strong>ad</strong></span> <span class='ocrx_word' id='word_1_178' title='bbox 1049 3671 1119 3740; x_wconf 67' lang='lat' dir='ltr'><strong>haec</strong></span> <span class='ocrx_word' id='word_1_179' title='bbox 1156 3680 1305 3762; x_wconf 90' lang='lat' dir='ltr'><strong>tempora</strong></span> <span class='ocrx_word' id='word_1_180' title='bbox 1342 3673 1491 3740; x_wconf 89' lang='lat' dir='ltr'><strong>ecclesias</strong></span> 
     </span>
    </p>
   </div>
   <div class='ocr_carea' id='block_1_9' title="bbox 276 3773 1491 3864">
    <p class='ocr_par' dir='ltr' id='par_1_9' title="bbox 276 3773 1491 3864">
     <span class='ocr_line' id='line_1_26' title="bbox 276 3773 1491 3864; baseline 0.007 -33"><span class='ocrx_word' id='word_1_181' title='bbox 276 3782 394 3832; x_wconf 67' lang='lat' dir='ltr'><strong>mereor</strong></span> <span class='ocrx_word' id='word_1_182' title='bbox 443 3773 644 3862; x_wconf 78' lang='lat' dir='ltr'><strong>parochiales</strong></span> <span class='ocrx_word' id='word_1_183' title='bbox 675 3773 716 3839; x_wconf 91' lang='lat' dir='ltr'><strong>de</strong></span> <span class='ocrx_word' id='word_1_184' title='bbox 739 3773 877 3862; x_wconf 84' lang='lat' dir='ltr'><strong>Skypee,</strong></span> <span class='ocrx_word' id='word_1_185' title='bbox 901 3774 1100 3862; x_wconf 83' lang='lat' dir='ltr'><strong>Esyngtona</strong></span> <span class='ocrx_word' id='word_1_186' title='bbox 1122 3781 1157 3842; x_wconf 91' lang='lat' dir='ltr'><strong>et</strong></span> <span class='ocrx_word' id='word_1_187' title='bbox 1180 3775 1389 3864; x_wconf 84' lang='lat' dir='ltr'><strong>Kayngham,</strong></span> <span class='ocrx_word' id='word_1_188' title='bbox 1412 3797 1491 3862; x_wconf 88' lang='lat' dir='ltr'><strong>qua-</strong></span> 
     </span>
    </p>
   </div>
   <div class='ocr_carea' id='block_1_10' title="bbox 276 3855 1491 3966">
    <p class='ocr_par' dir='ltr' id='par_1_10' title="bbox 276 3855 1491 3966">
     <span class='ocr_line' id='line_1_27' title="bbox 276 3855 1491 3966; baseline -0.001 -23"><span class='ocrx_word' id='word_1_189' title='bbox 276 3855 423 3966; x_wconf 56' lang='lat' dir='ltr'><strong>ssffffl,</strong></span> <span class='ocrx_word' id='word_1_190' title='bbox 443 3895 516 3939; x_wconf 90' lang='lat' dir='ltr'><strong>rum</strong></span> <span class='ocrx_word' id='word_1_191' title='bbox 549 3875 781 3940; x_wconf 79' lang='lat' dir='ltr'><strong>advocationes</strong></span> <span class='ocrx_word' id='word_1_192' title='bbox 811 3880 846 3940; x_wconf 91' lang='lat' dir='ltr'><strong>et</strong></span> <span class='ocrx_word' id='word_1_193' title='bbox 876 3875 1169 3956; x_wconf 86' lang='lat' dir='ltr'><strong>denominationes,</strong></span> <span class='ocrx_word' id='word_1_194' title='bbox 1200 3883 1234 3943; x_wconf 90' lang='lat' dir='ltr'><strong>et</strong></span> <span class='ocrx_word' id='word_1_195' title='bbox 1261 3879 1362 3943; x_wconf 86' lang='lat' dir='ltr'><strong>etiam</strong></span> <span class='ocrx_word' id='word_1_196' title='bbox 1391 3878 1491 3942; x_wconf 88' lang='lat' dir='ltr'><strong>licen-</strong></span> 
     </span>
    </p>
   </div>
   <div class='ocr_carea' id='block_1_11' title="bbox 276 3975 1491 4166">
    <p class='ocr_par' dir='ltr' id='par_1_11' title="bbox 276 3975 1491 4166">
     <span class='ocr_line' id='line_1_28' title="bbox 276 3975 1491 4063; baseline 0.003 -24"><span class='ocrx_word' id='word_1_197' title='bbox 276 3981 406 4033; x_wconf 72' lang='lat' dir='ltr'><strong>churehea</strong></span> <span class='ocrx_word' id='word_1_198' title='bbox 443 3975 527 4040; x_wconf 86' lang='lat' dir='ltr'><strong>tiam</strong></span> <span class='ocrx_word' id='word_1_199' title='bbox 549 3976 784 4063; x_wconf 85' lang='lat' dir='ltr'><strong>appropriandi</strong></span> <span class='ocrx_word' id='word_1_200' title='bbox 806 3976 945 4056; x_wconf 87' lang='lat' dir='ltr'><strong>easdem,</strong></span> <span class='ocrx_word' id='word_1_201' title='bbox 962 3999 1005 4043; x_wconf 83' lang='lat' dir='ltr'><strong>ex</strong></span> <span class='ocrx_word' id='word_1_202' title='bbox 1027 3981 1234 4046; x_wconf 89' lang='lat' dir='ltr'><strong>concessione</strong></span> <span class='ocrx_word' id='word_1_203' title='bbox 1257 3985 1292 4046; x_wconf 90' lang='lat' dir='ltr'><strong>et</strong></span> <span class='ocrx_word' id='word_1_204' title='bbox 1313 3978 1491 4046; x_wconf 88' lang='lat' dir='ltr'><strong>donatione</strong></span> 
     </span>
     <span class='ocr_line' id='line_1_29' title="bbox 444 4077 1491 4166; baseline 0.004 -24"><span class='ocrx_word' id='word_1_205' title='bbox 444 4099 558 4165; x_wconf 86' lang='lat' dir='ltr'><strong>regum</strong></span> <span class='ocrx_word' id='word_1_206' title='bbox 573 4077 714 4166; x_wconf 83' lang='lat' dir='ltr'><strong>Anghae,</strong></span> <span class='ocrx_word' id='word_1_207' title='bbox 737 4083 776 4144; x_wconf 92' lang='lat' dir='ltr'><strong>ut</strong></span> <span class='ocrx_word' id='word_1_208' title='bbox 798 4079 980 4166; x_wconf 83' lang='lat' dir='ltr'><strong>praefertur,</strong></span> <span class='ocrx_word' id='word_1_209' title='bbox 996 4079 1206 4163; x_wconf 87' lang='lat' dir='ltr'><strong>habebamus,</strong></span> <span class='ocrx_word' id='word_1_210' title='bbox 1225 4081 1346 4148; x_wconf 89' lang='lat' dir='ltr'><strong>abbate</strong></span> <span class='ocrx_word' id='word_1_211' title='bbox 1369 4081 1491 4147; x_wconf 88' lang='lat' dir='ltr'><strong>nihilo-</strong></span> 
     </span>
    </p>
   </div>
   <div class='ocr_carea' id='block_1_12' title="bbox 444 4311 1500 4856">
    <p class='ocr_par' dir='ltr' id='par_1_12' title="bbox 445 4311 1319 4464">
     <span class='ocr_line' id='line_1_30' title="bbox 479 4311 1319 4384; baseline 0.01 -22"><span class='ocrx_word' id='word_1_212' title='bbox 479 4311 486 4344; x_wconf 88' lang='lat'><strong>¹</strong></span> <span class='ocrx_word' id='word_1_213' title='bbox 497 4313 607 4379; x_wconf 81' lang='lat' dir='ltr'><strong>fratrem</strong></span> <span class='ocrx_word' id='word_1_214' title='bbox 624 4313 775 4381; x_wconf 82' lang='lat' dir='ltr'><strong>Johoanem]</strong></span> <span class='ocrx_word' id='word_1_215' title='bbox 802 4315 969 4368; x_wconf 78' lang='lat' dir='ltr'><strong>Johanneml</strong></span> <span class='ocrx_word' id='word_1_216' title='bbox 1022 4317 1151 4384; x_wconf 67' lang='lat' dir='ltr'><strong>⁵iterare]</strong></span> <span class='ocrx_word' id='word_1_217' title='bbox 1170 4319 1260 4378; x_wconf 78' lang='lat' dir='ltr'><strong>adbuc.</strong></span> <span class='ocrx_word' id='word_1_218' title='bbox 1271 4320 1319 4370; x_wconf 89' lang='lat' dir='ltr'><strong>P.·</strong></span> 
     </span>
     <span class='ocr_line' id='line_1_31' title="bbox 445 4390 1312 4464; baseline 0.006 -21"><span class='ocrx_word' id='word_1_219' title='bbox 445 4393 620 4455; x_wconf 77' lang='lat' dir='ltr'><strong>deNewtona,</strong></span> <span class='ocrx_word' id='word_1_220' title='bbox 630 4390 660 4445; x_wconf 91' lang='lat' dir='ltr'><strong>P.</strong></span> <span class='ocrx_word' id='word_1_221' title='bbox 1023 4394 1034 4427; x_wconf 77' lang='lat'>⁰</span> <span class='ocrx_word' id='word_1_222' title='bbox 1041 4397 1142 4464; x_wconf 64' lang='lat' dir='ltr'><strong>frate]</strong></span> <span class='ocrx_word' id='word_1_223' title='bbox 1161 4398 1272 4460; x_wconf 86' lang='lat' dir='ltr'><strong>dominc,</strong></span> <span class='ocrx_word' id='word_1_224' title='bbox 1282 4399 1312 4448; x_wconf 91' lang='lat' dir='ltr'><strong>P.</strong></span> 
     </span>
    </p>

    <p class='ocr_par' dir='ltr' id='par_1_13' title="bbox 445 4472 1490 4652">
     <span class='ocr_line' id='line_1_32' title="bbox 478 4472 1490 4543; baseline 0.005 -20"><span class='ocrx_word' id='word_1_225' title='bbox 478 4472 580 4523; x_wconf 78' lang='lat' dir='ltr'><strong>²Altcr</strong></span> <span class='ocrx_word' id='word_1_226' title='bbox 594 4481 778 4538; x_wconf 79' lang='lat' dir='ltr'><strong>procuratorem</strong></span> <span class='ocrx_word' id='word_1_227' title='bbox 796 4475 874 4525; x_wconf 80' lang='lat' dir='ltr'><strong>insert</strong></span> <span class='ocrx_word' id='word_1_228' title='bbox 892 4490 946 4524; x_wconf 89' lang='lat' dir='ltr'><strong>mo-</strong></span> <span class='ocrx_word' id='word_1_229' title='bbox 1023 4473 1130 4543; x_wconf 58' lang='lat' dir='ltr'><strong>viuum]</strong></span> <span class='ocrx_word' id='word_1_230' title='bbox 1158 4477 1253 4530; x_wconf 89' lang='lat' dir='ltr'><strong>dictum</strong></span> <span class='ocrx_word' id='word_1_231' title='bbox 1274 4477 1404 4528; x_wconf 87' lang='lat' dir='ltr'><strong>dominum</strong></span> <span class='ocrx_word' id='word_1_232' title='bbox 1426 4477 1490 4528; x_wconf 80' lang='lat' dir='ltr'><strong>wil-</strong></span> 
     </span>
     <span class='ocr_line' id='line_1_33' title="bbox 445 4551 1142 4652; baseline 0.007 -50"><span class='ocrx_word' id='word_1_233' title='bbox 445 4553 556 4614; x_wconf 80' lang='lat' dir='ltr'><strong>neslerii,</strong></span> <span class='ocrx_word' id='word_1_234' title='bbox 567 4551 598 4603; x_wconf 87' lang='lat' dir='ltr'><strong>P.</strong></span> <span class='ocrx_word' id='word_1_235' title='bbox 966 4594 970 4652; x_wconf 64' lang='grc' dir='ltr'>Ι</span> <span class='ocrx_word' id='word_1_236' title='bbox 990 4555 1101 4618; x_wconf 91' lang='lat' dir='ltr'><strong>lelmum‚</strong></span> <span class='ocrx_word' id='word_1_237' title='bbox 1112 4555 1142 4608; x_wconf 90' lang='lat' dir='ltr'><strong>P.</strong></span> 
     </span>
    </p>

    <p class='ocr_par' dir='ltr' id='par_1_14' title="bbox 444 4631 1500 4793">
     <span class='ocr_line' id='line_1_34' title="bbox 477 4631 1500 4701; baseline 0.003 -20"><span class='ocrx_word' id='word_1_238' title='bbox 477 4631 488 4664; x_wconf 87' lang='lat'><strong>³</strong></span> <span class='ocrx_word' id='word_1_239' title='bbox 504 4631 582 4682; x_wconf 78' lang='lat' dir='ltr'><strong>After</strong></span> <span class='ocrx_word' id='word_1_240' title='bbox 595 4633 730 4696; x_wconf 64' lang='lat' dir='ltr'><strong>moruleris</strong></span> <span class='ocrx_word' id='word_1_241' title='bbox 742 4632 819 4684; x_wconf 83' lang='lat' dir='ltr'><strong>insert</strong></span> <span class='ocrx_word' id='word_1_242' title='bbox 830 4631 945 4684; x_wconf 87' lang='lat' dir='ltr'><strong>omnibus</strong></span> <span class='ocrx_word' id='word_1_243' title='bbox 966 4653 968 4682; x_wconf 60' lang='lat' dir='ltr'><strong>r</strong></span> <span class='ocrx_word' id='word_1_244' title='bbox 1021 4633 1033 4666; x_wconf 76' lang='lat'><strong>⁸</strong></span> <span class='ocrx_word' id='word_1_245' title='bbox 1045 4641 1141 4699; x_wconf 77' lang='lat' dir='ltr'><strong>patrem</strong></span> <span class='ocrx_word' id='word_1_246' title='bbox 1159 4635 1267 4687; x_wconf 78' lang='lat' dir='ltr'><strong>Ricardi</strong></span> <span class='ocrx_word' id='word_1_247' title='bbox 1287 4638 1352 4701; x_wconf 73' lang='lat' dir='ltr'><strong>repis</strong></span> <span class='ocrx_word' id='word_1_248' title='bbox 1370 4633 1500 4701; x_wconf 61' lang='lat' dir='ltr'><strong>secunde]</strong></span> 
     </span>
     <span class='ocr_line' id='line_1_35' title="bbox 444 4709 1181 4793; baseline 0.005 -33"><span class='ocrx_word' id='word_1_249' title='bbox 444 4709 605 4774; x_wconf 82' lang='lat' dir='ltr'><strong>expressatis,</strong></span> <span class='ocrx_word' id='word_1_250' title='bbox 616 4711 645 4762; x_wconf 92' lang='lat' dir='ltr'><strong>P.</strong></span> <span class='ocrx_word' id='word_1_251' title='bbox 966 4720 969 4793; x_wconf 59' lang='grc' dir='ltr'>ξ</span> <span class='ocrx_word' id='word_1_252' title='bbox 990 4713 1103 4779; x_wconf 73' lang='lat' dir='ltr'><strong>wanfing</strong></span> <span class='ocrx_word' id='word_1_253' title='bbox 1113 4713 1139 4764; x_wconf 90' lang='lat' dir='ltr'><strong>in</strong></span> <span class='ocrx_word' id='word_1_254' title='bbox 1151 4714 1181 4764; x_wconf 93' lang='lat' dir='ltr'><strong>P.</strong></span> 
     </span>
    </p>

    <p class='ocr_par' dir='ltr' id='par_1_15' title="bbox 478 4791 970 4856">
     <span class='ocr_line' id='line_1_36' title="bbox 478 4791 970 4856; baseline 0.014 -20"><span class='ocrx_word' id='word_1_255' title='bbox 478 4791 488 4820; x_wconf 85' lang='lat'><strong>⁴</strong></span> <span class='ocrx_word' id='word_1_256' title='bbox 503 4806 549 4853; x_wconf 84' lang='lat' dir='ltr'><strong>per</strong></span> <span class='ocrx_word' id='word_1_257' title='bbox 561 4791 731 4856; x_wconf 78' lang='lat' dir='ltr'><strong>internuntios]</strong></span> <span class='ocrx_word' id='word_1_258' title='bbox 750 4791 796 4852; x_wconf 85' lang='lat' dir='ltr'><strong>sle,</strong></span> <span class='ocrx_word' id='word_1_259' title='bbox 807 4791 837 4841; x_wconf 89' lang='lat' dir='ltr'><strong>P.</strong></span> <span class='ocrx_word' id='word_1_260' title='bbox 966 4805 970 4853; x_wconf 64' lang='lat'><em>5</em></span> 
     </span>
    </p>
   </div>
   <div class='ocr_carea' id='block_1_13' title="bbox 0 0 1812 5888">
    <p class='ocr_par' dir='ltr' id='par_1_16' title="bbox 0 0 1812 5888">
     <span class='ocr_line' id='line_1_37' title="bbox 0 0 1812 5888; baseline 0 0"><span class='ocrx_word' id='word_1_261' title='bbox 0 0 1812 5888; x_wconf 95' lang='lat' dir='ltr'><strong> </strong></span> 
     </span>
    </p>
   </div>
  </div>
 </body>
</html>
