3614 5888
495 907 673 960 aonnnros
694 905 805 959 sams
826 908 957 960 snxrns
978 908 1141 960 nnomns.
1278 893 1341 958 159

296 1109 429 1152 versum
451 1087 518 1153 fere
540 1087 653 1152 orbem
675 1087 913 1174 pertransisset,
929 1109 988 1174 per
1010 1087 1196 1166 Turkeiam,
1228 1085 1425 1150 Arme-AD.
1438 1099 1504 1144 mss

296 1190 387 1254 niam
401 1190 556 1275 majorem
573 1195 607 1255 et
622 1189 791 1271 minorem,
806 1191 999 1270 Tartariam,
1017 1189 1194 1269 Persidem,
1211 1187 1342 1266 Siriam,
1357 1165 1448 1212 '¹³⁶⁷'

297 1292 464 1372 Arabiam,
495 1293 666 1381 Egyptum
697 1293 897 1380 superiorem
919 1299 954 1359 et
982 1293 1179 1370 inferiorem,
1207 1290 1346 1368 Libiam,

295 1395 469 1474 Oaldaeam,
502 1395 701 1483 Ethiopiam,
725 1396 859 1461 Indiam
881 1396 1037 1483 majorem
1059 1399 1095 1461 et
1121 1395 1292 1475 minorem,
1309 1397 1343 1458 et

297 1497 379 1564 alias
412 1499 558 1564 diversas
591 1498 715 1564 insulas
752 1521 853 1590 prope
891 1499 1025 1564 Indiam
1058 1497 1255 1584 adjacentes,
1290 1495 1350 1560 ubi

299 1599 436 1666 diversae
458 1605 573 1688 gentes
605 1601 809 1677 diversorum
844 1601 972 1667 rituum
997 1607 1033 1668 ot
1063 1601 1241 1667 formarum
1275 1620 1350 1664 oon-

299 1708 481 1781 versantur,
511 1703 642 1790 scripsit
665 1704 705 1768 de
735 1705 888 1770 omnibus
917 1703 1124 1769 mirabilibus
1148 1702 1248 1782 orbis,
1271 1723 1345 1788 quae

299 1804 335 1868 in
356 1804 428 1891 ipsa
449 1805 714 1892 peregrinatione
730 1809 772 1872 36
793 1828 954 1872 annorum
969 1811 1175 1894 cognoverat,
1191 1804 1348 1871 volumen

300 1929 411 1987 unum,
435 1913 470 1974 et
491 1908 601 1996 ipsum
624 1909 712 1974 dioto
735 1909 900 1974 Edwardo
922 1909 993 1996 regi
1008 1909 1139 1997 Angliae
1156 1907 1344 1976 destinavit.
1361 1903 1378 1954 f.
1393 1909 1449 1956 ¹⁴⁹·

301 2010 398 2075 Anno
420 2031 500 2075 vero
522 2015 685 2097 sequente,
701 2011 809 2076 diotus
832 2011 1015 2076 Edwardus
1037 2012 1188 2099 princeps
1203 2009 1341 2087 Walliae,
1361 2007 1471 2074 victory

301 2134 359 2200 per
380 2117 508 2178 montes
538 2111 763 2180 Runoevalliae
784 2113 982 2200 Hispaniam
1004 2113 1143 2192 intrans,
1168 2115 1205 2178 in
1228 2135 1342 2200 eampo
1362 2075 1499 2208 {233⁹ss

301 2236 402 2302 prope
434 2213 560 2280 Nazers
589 2215 711 2282 devicit
741 2215 924 2284 Henrioum
954 2219 1151 2282 intrusorem
1173 2237 1348 2304 regnorum
1362 2208 1505 2326 Essevgfllflffl

304 2316 440 2384 Castolli
473 2323 507 2384 et
540 2317 702 2407 Legionis,
734 2320 790 2406 qui
820 2320 893 2407 ipsa
925 2341 1028 2407 regna
1049 2343 1070 2385 a
1093 2319 1226 2386 domino
1249 2319 1349 2386 Petro
1365 2291 1485 2408 [roriss

302 2421 372 2507 ipso
386 2441 469 2507 rege,
485 2426 560 2508 post
581 2421 705 2488 factum
728 2422 792 2488 sibi
813 2423 1003 2510 homagium
1018 2445 1077 2511 per
1098 2424 1207 2510 ipsum
1230 2422 1352 2488 Henri-

303 2543 386 2603 oum,
409 2523 533 2612 injuste
555 2523 729 2591 auferebat
776 2525 877 2612 (iapti
906 2530 1019 2592 autem
1041 2525 1176 2591 fuerunt
1208 2525 1245 2590 in
1276 2526 1347 2612 ipso

302 2625 389 2691 bello
411 2626 546 2692 comites
570 2631 604 2693 et
626 2631 796 2716 magnatos
819 2627 992 2716 Hispaniae
1014 2629 1189 2716 plusquam
1212 2631 1264 2710 40,
1282 2627 1350 2716 epi·

303 2750 416 2816 soopus
443 2730 484 2794 de
500 2729 644 2810 Rolions,
667 2732 824 2820 magister
847 2731 961 2798 Sancti
984 2731 1111 2816 Jaoobi,
1134 2739 1168 2800 et
1190 2732 1346 2820 magister

304 2830 611 2919 Hospitolariorum,
641 2839 676 2900 et
712 2834 771 2900 alii
799 2834 974 2922 plusquam
1007 2837 1103 2914 2,000
1134 2842 1343 2904 armatorum.
1432 2887 1435 2892 ,

305 2933 349 2998 Et
386 2935 483 3001 oooisi
521 2936 653 3022 quidem
686 2935 823 3003 fuerunt
855 2939 993 3023 majores
1024 2921 1059 3003 et
1089 2943 1258 3026 magnates
1292 2938 1349 3004 alii

304 3037 420 3124 plnres,
444 3042 478 3104 et
500 3038 674 3126 plusquam
696 3061 754 3105 sex
776 3040 881 3106 millia
895 3047 1105 3122 armatorum,
1121 3047 1156 3106 et
1177 3041 1344 3128 pavisores

305 3145 339 3205 et
360 3140 488 3228 pedites
517 3141 780 3210 innumerabiles.
827 3143 873 3210 Et
904 3143 945 3210 ds
982 3143 1131 3210 exercitu
1163 3141 1348 3230 Anglorum

305 3247 372 3308 tres
393 3249 527 3312 tantum
551 3244 698 3312 homines
719 3246 854 3313 fuerunt
877 3247 1075 3334 interempti,
1102 3246 1174 3333 ipso
1201 3245 1347 3310 Henrieo

306 3367 380 3412 oum
401 3347 540 3412 residuis
569 3348 606 3413 in
635 3348 747 3437 fugam
777 3349 937 3437 propulso.
983 3350 1081 3414 Anno
1104 3347 1241 3415 Domini
1265 3351 1349 3417 1361
1366 3347 1506 3402 Pestilente

306 3455 378 3514 erat
400 3449 543 3516 secunda
563 3453 754 3540 pestilentia
775 3452 813 3518 in
832 3453 963 3541 Anglia,
986 3474 1060 3539 quse
1083 3451 1173 3518 diota
1187 3457 1238 3518 est
1252 3451 1352 3538 pesti-
1367 3415 1478 3468 οἵω·

306 3551 411 3618 lentia
432 3570 616 3642 puerorum.
