3610 5890
520 899 618 950 HUGO
639 899 747 950 Annas
769 900 922 961 Qomws
944 900 1104 950 DECIMUS.
1275 886 1313 946 ll

288 1077 432 1156 moratos,
454 1095 493 1140 ao
524 1081 642 1141 caetera
673 1097 772 1141 onera
805 1075 972 1142 ordinaria
1006 1079 1042 1140 et
1074 1073 1416 1140 extraordinariam.
1431 1085 1494 1132 less

288 1197 492 1264 quaecunque
520 1177 564 1242 ad
594 1178 717 1244 dictam
750 1179 919 1245 ecclemam
951 1178 1222 1265 qualitercunque
1248 1153 1439 1263 spec-'¹³⁴⁹-

288 1280 404 1358 tentia,
426 1280 581 1346 oneribus
610 1303 669 1368 per
691 1281 852 1348 vicarium
882 1283 942 1368 qui
973 1303 1034 1369 pro
1064 1285 1211 1368 tempore
1234 1280 1336 1345 fuerit

288 1383 440 1470 exceptis,
463 1405 525 1449 nos
546 1386 667 1450 nostris
682 1386 869 1472 sumptibus
891 1385 1026 1464 solvere,
1041 1384 1145 1450 facere
1168 1389 1203 1450 ct
1217 1383 1335 1461 subire,

287 1485 435 1551 totaliter
449 1492 644 1553 teneremur.
690 1488 733 1552 In
748 1489 1081 1575 recompensationem
1095 1507 1174 1554 vero
1193 1487 1337 1552 laesionis
1349 1505 1454 1558 Annum

286 1589 428 1654 ecelesiae
459 1590 657 1656 cathedralis
691 1591 914 1669 Eboracensis,
944 1597 979 1656 et
1007 1595 1142 1679 propter
1173 1574 1495 1692 ind0111111·{'1,‘2¹⁸,ifi,¹,¹,{3',

287 1696 391 1756 tatem
415 1691 570 1777 ejusdem,
587 1715 662 1780 quae
684 1715 728 1759 ex
745 1693 983 1760 consuetudine
1005 1693 1139 1781 pacifice
1162 1694 1337 1758 observato
1349 1707 1378 1757 of
1386 1709 1464 1758 York.

288 1792 415 1860 fructus
439 1795 673 1861 beneficiorum
695 1797 888 1862 vacantium
912 1802 946 1862 et
968 1801 1150 1883 proventus
1172 1797 1336 1883 percipere

288 1899 464 1978 consuevit,
504 1904 539 1964 et
570 1899 607 1964 in
641 1900 772 1987 signum
806 1899 1021 1985 subjectionis
1058 1900 1156 1966 dictae
1194 1899 1337 1964 ecclesiae

287 2019 361 2084 quae
383 2001 524 2087 amplius
554 2023 621 2068 non
651 2008 793 2081 vacaret,
818 2023 962 2068 annuam
991 2001 1181 2089 pensionem
1204 2007 1337 2068 centum

287 2103 465 2168 solidorum
489 2105 530 2170 de
551 2105 713 2171 fiuctibus
743 2105 890 2191 ejusdem
918 2105 1068 2184 ecclesiee,
1093 2119 1234 2191 qnorum
1257 2104 1337 2188 lxvj.

288 2203 385 2270 solidi
417 2211 452 2270 ct
478 2207 548 2293 viij.
584 2209 711 2273 denarii
742 2208 982 2296 archiepiscopo
1013 2209 1073 2294 qui
1101 2229 1161 2295 pro
1189 2212 1338 2293 tempore

288 2307 398 2388 fuerit,
413 2313 448 2373 et
469 2310 586 2396 xxxiij.
602 2309 700 2377 solidi
715 2316 749 2376 et
769 2311 827 2398 iiij.
843 2311 971 2377 denarii
986 2312 1109 2376 decano
1128 2316 1163 2375 et
1185 2308 1338 2396 capitulo,

288 2429 347 2494 per
368 2431 427 2476 nos
451 2411 590 2500 singulis
612 2413 718 2494 annis,
741 2435 801 2500 per
814 2414 981 2501 portiones
1004 2413 1155 2500 aequnles,
1179 2415 1339 2499 perpetuo

287 2511 501 2594 solverentur,
533 2537 684 2602 expresse
714 2522 748 2581 et
778 2515 964 2604 specialiter
996 2515 1187 2582 reservavit
1232 2513 1339 2594 Quam

287 2615 420 2700 quidem
443 2619 713 2704 compositionem
743 2619 1019 2707 appropriationis
1048 2617 1232 2706 capitulum
1255 2616 1340 2682 Ebo-

288 2739 418 2785 racense
452 2722 659 2808 approbavit,
691 2722 881 2800 ratificavit,
913 2727 948 2788 et
978 2717 1229 2788 condemnavit}
1274 2719 1340 2784 Sed

287 2841 346 2887 nec
367 2823 478 2888 adhuc
507 2824 642 2910 quidem
677 2826 913 2912 possessionem
945 2825 1048 2912 ipsius
1081 2824 1224 2890 ecclesiae
1254 2821 1340 2887 obti-

288 2925 451 2991 nebamus.
497 2927 563 2992 Sed
586 2925 740 2993 dominus
767 2929 867 3015 Hngo
894 2929 934 2993 de
958 2926 1192 3013 Glainnevyllo
1214 2945 1338 3013 posses·

287 3029 377 3094 sione
399 3029 547 3116 ejusdem
570 3031 712 3096 ecclesiae
734 3031 913 3098 fruebatur.

520 3311 587 3380 111.
611 3313 662 3380 oe
676 3313 835 3380 eatae
849 3313 890 3380 a
906 3310 1102 3398 Wycotade.

335 3475 408 3556 Sed,
439 3477 517 3542 dum
547 3477 618 3545 haeo
648 3481 832 3567 agerentur,
871 3483 905 3543 et
941 3477 1043 3543 abbas
1080 3479 1115 3541 et
1155 3475 1336 3540 conventus
1348 3482 1509 3548 wynetede.

289 3601 446 3667 expensae
479 3579 627 3668 profusae
664 3581 843 3648 necessario
880 3579 1075 3667 indigerent,
1111 3600 1149 3644 ao
1186 3577 1338 3642 dominns
1350 3565 1508 3683 ffiffi‘}

289 3679 458 3748 Johannes
490 3683 530 3748 de
553 3683 773 3770 Cotyngham,
796 3683 837 3749 de
867 3705 932 3770 quo
965 3681 1163 3771 praedioitur,
1194 3679 1512 3762 maneriaexpensesof

290 3791 400 3851 nostra
437 3786 628 3874 praescripta
663 3786 703 3852 de
737 3785 896 3866 Arnailia,
930 3783 1103 3866 Rowtona‚
1139 3783 1338 3870 Hay‘holm0,
1352 3765 1504 3882 ‘hrffa‘t‘ilffis

291 3887 498 3976 Otringham,
529 3887 734 3976 Dymeltona
765 3894 800 3955 et
830 3887 980 3968 Rovvthe,
1015 3886 1082 3954 suis
1119 3887 1156 3950 in
1188 3847 1502 3963 manibusirsington.

289 3991 455 4068 retineret,
477 3991 659 4058 necessario
681 3991 787 4058 coacti
817 4013 931 4057 sumus
952 3989 995 4056 ad
1025 3987 1171 4077 ejusdem
1201 3987 1341 4056 coclesiae

290 4094 332 4158 de
345 4093 541 4182 Esyngtona
562 4095 863 4182 appropriationem
886 4097 1038 4181 sumptus
1060 4092 1140 4158 aiibi
1162 4091 1340 4180 providere.

291 4195 507 4286 Quapropter,
536 4221 611 4264 cnm
643 4197 774 4264 domino
797 4197 944 4262 Roberto
976 4193 1017 4261 de
1042 4195 1195 4282 Hyltona
1226 4195 1341 4274 milite,

290 4299 424 4364 domino
446 4300 487 4365 de
509 4297 640 4387 Swyne,
665 4303 871 4366 contractum
901 4300 1062 4379 inermtes,
1086 4320 1161 4365 oum
1191 4320 1229 4364 eo
1251 4297 1341 4386 pepi·
1354 4309 1489 4361 conditor

289 4401 398 4489 gimus
420 4401 462 4467 ad
484 4403 759 4469 sustentationem
785 4401 884 4468 unius
907 4401 1062 4468 cantariae
1084 4401 1122 4466 in
1144 4401 1277 4468 acclama
1299 4401 1340 4466 de
1352 4377 1496 4494 ξξξοξξῖ

290 4503 491 4592 Wynestcde
521 4505 557 4570 in
580 4505 809 4584 Holdernesee,
840 4503 933 4592 cujus
959 4505 1099 4572 ecclesiae
1129 4505 1266 4592 ipsemet
1283 4504 1496 4642 jussspgtpatp

293 4689 614 4702 *antummum——

413 4793 420 4826 ¹
438 4795 618 4862 concurrerit]
638 4795 695 4846 'Phe
705 4797 812 4862 reading
823 4795 854 4846 os
865 4797 909 4847 the
920 4795 978 4848 MS.
990 4795 1030 4846 scr
1040 4791 1211 4858 casanova?
