3538 5860
495 904 695 958 artusartus
717 907 823 958 ABBAS
845 909 1037 961 monemus
1233 903 1296 965 305

247 1075 373 1162 pariter
402 1076 612 1145 exhibebant.
669 1081 821 1148 Etcum
856 1084 925 1171 ipse
959 1085 1192 1154 Dunelmensis
1229 1087 1380 1176 epi-Am.
1394 1109 1466 1160 1⁴0⁷.

247 1199 377 1265 scopus,
389 1179 481 1266 prius
504 1181 694 1249 immediate
718 1185 939 1268 cancellarius,
962 1189 998 1252 in
1030 1189 1123 1276 cujus
1152 1195 1298 1277 tempore

247 1279 394 1367 praefatae
411 1281 535 1350 chartae
557 1285 718 1351 concessio
736 1285 916 1354 videbatur
937 1289 1101 1371 accidisse,
1116 1297 1198 1359 tunc
1220 1315 1298 1360 casu

247 1383 403 1450 assistens
441 1389 477 1450 et
517 1385 621 1474 magis
662 1387 760 1454 solito
796 1394 878 1454 tunc
914 1391 1029 1458 favens
1070 1395 1106 1458 in
1154 1397 1297 1482 negotio,

247 1505 453 1571 nequaquam
476 1486 579 1574 ipsius
608 1489 729 1555 chartae
762 1493 1000 1558 concessionem
1022 1495 1213 1582 denegabat,
1240 1497 1297 1564 sed

247 1585 352 1670 magis
383 1588 591 1672 praetendens
621 1589 726 1676 ipsam
760 1591 907 1658 chartam
938 1595 1060 1682 absquo
1090 1597 1211 1664 damno
1242 1599 1297 1663 vel

247 1687 437 1772 praejudicio
472 1689 560 1775 juris
604 1692 686 1779 regii
731 1715 824 1780 posse
861 1703 896 1760 et
940 1695 1008 1762 fore
1046 1698 1295 1777 concedendam,

248 1789 389 1876 quippe¹
412 1801 547 1878 propter
569 1797 833 1882 consumptiones
855 1817 913 1883 per
928 1819 1095 1885 processus
1117 1800 1239 1886 legales
1260 1803 1297 1866 in

248 1892 404 1958 scaccario
426 1895 513 1980 regis
536 1895 668 1962 habitos
690 1903 882 1984 compertas,
901 1901 1109 1988 exceptiones
1132 1902 1296 1969 dictarum

247 1996 533 2081 consumptionum
570 2001 757 2064 nostrarum
793 1999 830 2064 in
864 2001 1003 2088 singulis
1034 2005 1297 2071 concessionibus

248 2094 447 2162 decimarum
471 2120 529 2184 per
543 2099 667 2165 clerum
683 2100 897 2167 Eboracensis
922 2101 1099 2188 provinciae
1121 2104 1296 2174 decaetero

246 2197 314 2263 fore
339 2198 513 2278 faciendas,
538 2207 573 2266 ct
602 2201 812 2268 allocutiones
843 2203 921 2269 inde
952 2203 989 2268 in
1020 2208 1179 2272 scaccario
1210 2211 1297 2295 regis

246 2299 498 2386 subsequendus,
513 2303 637 2388 absque
660 2304 817 2372 mandato
839 2305 934 2392 regis,
958 2307 1073 2372 charta
1095 2309 1148 2375 vel
1171 2331 1298 2377 conces·

247 2401 336 2466 sione
358 2403 457 2489 regia,
484 2403 722 2490 qualicunque;
758 2406 847 2472 unde
878 2407 1089 2474 cancellarius
1110 2409 1188 2496 ipse,
1211 2411 1297 2477 Oan-

246 2505 420 2570 tuan'ensis
442 2505 709 2594 archiepiscopus,
725 2509 964 2574 concessionem
987 2511 1110 2597 regiam
1134 2515 1296 2600 exceptio-

246 2606 344 2672 nibus
371 2609 499 2702 nostris
536 2609 640 2694 magis
672 2609 826 2694 judicans
864 2611 1111 2696 praeferendam,
1149 2615 1296 2682 charbem

247 2709 342 2774 nobis
364 2709 534 2776 annuebat
555 2709 628 2776 fieri
650 2711 686 2774 in
709 2710 815 2776 forma
837 2711 1071 2798 subsequenti:

281 2809 439 2878 Esuriens,
466 2812 523 2868 Dei
550 2813 647 2884 gratia
670 2830 722 2868 rex
747 2813 865 2884 Angliae
892 2819 923 2870 et
949 2813 1081 2870 Francius
1106 2821 1136 2870 et
1162 2815 1297 2874 dominus
1309 2823 1387 2874 Fora
1398 2827 1426 2874 of

246 2893 407 2960 Hibernia,
440 2896 574 2952 omnibus
605 2895 642 2951 ad
678 2914 751 2968 quos
782 2904 942 2968 praesentes
972 2898 1080 2954 litterae
1109 2902 1298 2970 pervenerint
1308 2889 1351 2940 ‘¹¹⁹
1362 2890 1437 2941 ΟΜ·

246 2977 380 3034 salutem.
428 2978 535 3035 Sciatis
563 2979 651 3050 quod,
680 2997 748 3035 cum
774 2997 832 3034 nou
858 2981 973 3036 modica
998 2998 1066 3052 pars
1093 2987 1240 3037 terrarum
1267 2963 1354 3038 οἴω·

245 3062 463 3131 possessionum
481 3062 688 3134 temporalium
706 3069 736 3118 et
752 3063 952 3135 spiritualium
970 3064 1145 3119 dilectorum
1162 3065 1247 3121 nobis
1266 3067 1297 3120 iu

246 3144 365 3200 Christo
383 3145 497 3202 abbatis
515 3151 545 3201 et
562 3151 722 3202 conventus
734 3145 770 3200 de
783 3145 879 3202 Melea
896 3147 928 3201 in
940 3145 1138 3204 Holdernesse
1156 3166 1209 3220 per
1221 3147 1296 3204 dilu-

244 3227 294 3282 via
305 3230 396 3284 maris
409 3235 439 3284 et
451 3247 535 3300 aqum
554 3228 709 3284 Humbriae
727 3235 909 3301 consumpta,
927 3230 1070 3286 inundata
1088 3238 1118 3287 et
1135 3231 1296 3296 devastata,

242 3311 305 3382 jam
328 3312 412 3368 tarde
437 3313 552 3378 existat,
579 3313 657 3369 sicut
683 3330 735 3383 per
761 3313 838 3384 legis
865 3331 1036 3385 processum
1061 3315 1092 3370 in
1117 3315 1296 3372 scaccarium

246 3401 378 3452 nostrum
401 3396 519 3468 plenius
543 3401 623 3452 extat
646 3396 851 3462 certificatum,
872 3413 905 3452 ac
930 3402 1018 3452 mma)
1043 3407 1073 3454 et
1097 3400 1296 3470 possessiones

245 3479 305 3534 illae
331 3481 374 3536 sio
401 3486 581 3552 consumpta
608 3485 639 3535 et
662 3479 810 3534 inundates
835 3481 987 3536 occasione
1012 3481 1242 3554 consumptionis
1267 3489 1297 3538 et

245 3563 444 3620 inundationis
462 3563 621 3618 earundem
639 3562 671 3616 in
683 3563 877 3618 solutionibus
889 3561 927 3618 ed
944 3563 1076 3619 diversas
1094 3566 1296 3622 concessiones

246 3645 426 3702 deeimarum
444 3664 497 3718 per
515 3647 627 3702 clerum
652 3645 844 3704 Eboracensis
869 3647 1027 3719 provincias
1051 3649 1143 3704 sactus
1168 3655 1296 3722 exceptae

246 3729 371 3796 luerint3
397 3731 572 3802 praefatique
590 3730 679 3785 abbas
698 3737 729 3785 et
746 3735 904 3786 conventus
923 3730 1126 3786 allocutionem
1145 3739 1175 3787 et
1192 3750 1296 3788 exone·

246 3813 389 3870 rationem
412 3815 444 3868 in
467 3813 546 3870 dicto
573 3813 718 3870 scaccario
743 3819 852 3878 nostro,
879 3831 933 3884 pro
961 3813 1124 3884 quantitate
1151 3814 1296 3870 dictarum

245 3903 392 3954 terrarum
410 3902 440 3952 et
456 3897 673 3969 possessionum
698 3897 741 3952 sic
765 3903 1003 3968 consumptarum
1028 3903 1058 3953 et
1078 3897 1294 3965 inundaturum,

245 3998 298 4052 per
316 3980 484 4052 hujusmodi
502 3981 701 4053 exceptionem
719 3980 883 4045 habuerint,
897 3985 931 4035 ut
942 3980 1126 4051 accepimus;
1146 3999 1208 4046 nos,
1222 3999 1296 4054 prte-

246 4065 404 4120 missorum
421 4065 661 4129 consideratione,
682 4063 718 4118 ob
737 4081 866 4118 amorem
890 4063 947 4118 Dei
971 4069 1001 4118 et
1024 4065 1180 4135 specialem
1198 4067 1297 4137 requi·

247 4149 382 4204 sitionem
407 4149 554 4205 carissimi
581 4149 636 4203 filii
662 4147 756 4204 nostri
781 4149 900 4203 Thomae
928 4147 964 4202 de
990 4148 1157 4213 Leucastre,
1184 4167 1297 4206 necnon

246 4232 404 4288 instantem
428 4231 672 4304 supplicationem
698 4230 907 4302 predictorum
933 4231 1046 4286 abbatis
1071 4237 1102 4287 et
1125 4237 1294 4298 conventus,

245 4317 283 4373 de
301 4317 398 4388 gratia
415 4323 516 4374 nostra
533 4316 655 4388 speciali
680 4315 876 4371 concessimus
900 4331 954 4386 pro
976 4314 1060 4370 nobis
1085 4319 1115 4370 et
1137 4315 1295 4372 heredibus

183 4433 184 4438 κ
245 4403 364 4467 nostris,
391 4407 532 4472 quantum
559 4400 590 4456 in
616 4399 700 4455 nobis
728 4407 783 4464 est,
811 4397 923 4454 eisdem
950 4398 1048 4454 abbati
1075 4403 1105 4453 et
1129 4400 1294 4464 couventui,

247 4483 326 4555 quod
343 4483 402 4556 ipsi
420 4490 451 4540 et
468 4500 652 4540 successores
670 4483 718 4538 sui
737 4483 773 4537 de
792 4481 935 4538 solutione
948 4481 1128 4538 decimarum
1145 4499 1180 4536 ac
1198 4481 1295 4552 cujus·

581 4777 589 4846 ,¹
606 4777 682 4831 Ater
693 4777 793 4844 quippe,
804 4791 863 4829 cum
874 4775 900 4826 in
911 4775 969 4828 MS.

335 4877 410 4928 VOL.
434 4875 485 4926 111.
1136 4873 1162 4926 U
