3614 5888
454 870 514 932 llil)
650 883 828 934 Rosulanus
849 882 958 933 ABBAS
981 881 1110 932 SEXTUS
1132 882 1295 933 neumis,

780 1537 1176 1616 APPENDIX.¹

380 2004 382 2009 .
466 1921 521 1978 IX.
539 1921 581 1978 De
599 1923 761 1978 Innocentio
776 1942 855 1997 popo
873 1927 900 1990 6,
919 1929 945 1980 ot
967 1926 1078 1982 Urbano
1091 1943 1172 1999 popio
1189 1925 1217 1992 5,
1236 1931 1261 1982 et
1280 1895 1388 1981 nolitne
1405 1924 1476 1994 ejna

281 2067 350 2120 AD.
365 2073 429 2120 1³56
485 2067 627 2141 Tempore
654 2077 752 2128 annm
778 2071 942 2128 Innocentii
967 2089 1050 2144 papae
1078 2073 1104 2138 6,
1133 2072 1262 2128 damnati
1280 2073 1400 2127 luerunt
1417 2069 1496 2142 apud

281 2137 375 2228 ‘¹:¹³673
450 2151 627 2210 Avinionem
637 2161 668 2212 et
687 2155 834 2212 combusti
846 2157 863 2210 2
876 2157 983 2212 fratres
995 2156 1136 2221 Minores,
1150 2157 1187 2212 de
1199 2163 1279 2212 secta
1290 2156 1343 2210 illa
1354 2151 1498 2210 netanda²

282 2213 415 2330 {fimum
450 2237 481 2290 in
498 2242 630 2310 tempore
650 2239 793 2295 Johannia
811 2257 894 2312 papas
911 2239 946 2294 22
964 2245 1072 2296 notata.
1110 2239 1173 2296 Iste
1192 2239 1383 2295 Innocentius
1401 2243 1497 2293 cemos

282 2288 414 2412 &3222
449 2318 563 2391 legatos
588 2322 737 2378 direxerat
760 2321 797 2378 ad
820 2322 999 2379 visitandum
1020 2329 1115 2380 toturn
1134 2323 1265 2379 ordinem
1282 2329 1416 2378 nostrum
1434 2321 1498 2376 (lis-

283 2413 418 2464 Extonion
450 2404 633 2461 terciensem.
679 2405 736 2474 Qui
762 2405 882 2478 quidem
906 2406 999 2479 legati
1023 2407 1087 2478 jam
1112 2407 1234 2463 visitare
1261 2406 1440 2478 inceperant,
1468 2411 1498 2459 et

281 2480 371 2568 byth?
449 2507 565 2544 omnem
583 2491 738 2562 pecuniam
765 2509 854 2562 quam
880 2497 1054 2562 extorquere
1080 2497 1216 2564 poterent
1238 2491 1276 2546 ad
1295 2508 1368 2562 opus
1387 2487 1498 2544 domini

282 2545 376 2662 {³⁰¹³}AE
449 2590 532 2644 papae
550 2573 694 2629 levabant.
732 2573 828 2638 Unde,
855 2575 1002 2631 mediante
1026 2575 1144 2631 domino
1168 2574 1305 2648 episcopo
1331 2573 1498 2629 Tusculano

283 2678 437 2743 ,isitium
449 2656 600 2723 cardinali,
621 2657 767 2728 quondam
785 2657 857 2714 dicti
875 2658 986 2714 ordinis
1004 2659 1154 2724 monacho,
1177 2677 1253 2732 papa
1271 2658 1365 2714 dictos
1383 2657 1497 2728 legatos

283 2744 422 2796 cistercien
450 2741 608 2806 revocavit,
629 2743 773 2813 susceptis
792 2742 874 2814 prius
899 2742 935 2796 ab
947 2743 1012 2814 ipso
1030 2743 1131 2799 ordine
1151 2761 1205 2814 pro
1222 2743 1407 2798 revocatione
1425 2760 1498 2813 prae·

283 2811 372 2864 Offlef·
450 2825 541 2880 missa
568 2843 618 2881 sex
644 2825 775 2902 millibus
802 2827 987 2882 florenorum.
1025 2827 1098 2882 Post
1122 2826 1207 2897 cujus
1230 2844 1315 2898 papas
1332 2825 1498 2882 Innocentii

282 2877 432 2996 {iffigfisiou
450 2914 584 2975 mortem,
611 2928 679 2966 curn
705 2910 869 2966 cardinales
894 2911 926 2966 in
954 2911 1085 2968 conclavi
1104 2910 1141 2966 ad
1159 2911 1331 2968 electionem
1349 2911 1499 2966 convenis·

283 3009 309 3059 in
320 3011 364 3062 me
377 3027 437 3063 con.
450 2999 524 3058 sent‚
544 2993 681 3049 continuo
701 2995 800 3050 affines
818 2994 912 3066 ipsius
932 2995 1096 3050 innocentii
1121 3012 1157 3050 ex
1174 3013 1234 3050 una
1250 3001 1333 3066 parte
1352 2999 1382 3049 et
1399 2995 1498 3050 affines

283 3077 394 3158 claveos
451 3077 609 3134 Clementis
627 3078 852 3150 predecessoris
872 3079 918 3134 sui
937 3096 973 3133 ex
997 3079 1090 3135 altera
1106 3077 1197 3134 divisi
1216 3085 1292 3134 sunt.
1331 3077 1498 3150 Collegium

283 3146 416 3197 “mm
449 3180 519 3218 vero
538 3179 571 3217 ex
590 3161 649 3218 hiis
669 3163 782 3218 duabus
811 3163 1000 3218 affinitatibus
1025 3169 1098 3218 erat.
1136 3161 1270 3234 (lnmqus
1287 3167 1412 3232 utraque
1430 3179 1498 3233 pars

449 3265 503 3319 pro
530 3247 592 3303 suis
618 3247 810 3318 pertinaciter
834 3253 936 3311 staret,
961 3253 992 3302 et
1009 3245 1041 3300 in
1058 3245 1188 3318 aliquem
1206 3245 1325 3316 collegii
1343 3245 1498 3300 convenire

282 3330 398 3382 Electiou
449 3349 506 3386 non
532 3331 674 3394 valentes,
703 3330 971 3386 condescenderunt
995 3330 1171 3386 unanimiter
1197 3330 1229 3385 in
1246 3330 1379 3385 abbatem
1399 3330 1498 3385 Sancti

283 3399 389 3464 ΟῙΡΟΡρ
449 3414 587 3479 Victoris,
614 3415 733 3486 nigrum
760 3415 944 3481 monachum,
967 3414 1054 3489 juxta
1079 3413 1254 3478 Massiliam,
1283 3413 1334 3485 qni
1359 3414 1389 3468 in
1416 3414 1499 3468 curis

284 3465 371 3515 urbm
383 3465 416 3515 V·
448 3499 626 3564 morabatur,
658 3498 801 3554 auditoris
834 3515 940 3569 gerens
970 3497 1097 3554 officium
1133 3498 1165 3552 in
1201 3497 1314 3553 familia
1343 3497 1496 3568 cujusdam

449 3581 616 3637 cardinalis.
663 3581 761 3646 Hunc,
789 3581 859 3652 quin
886 3581 1015 3654 optimus
1040 3581 1138 3638 socius
1156 3581 1319 3646 dicebatur,
1339 3581 1498 3652 vinumque

450 3672 480 3721 et
496 3665 637 3721 mulieres
655 3666 803 3738 praecipue
821 3664 974 3737 diligebat,
994 3671 1024 3721 et
1041 3665 1090 3720 vix
1108 3671 1227 3736 propter
1246 3683 1328 3720 suam
1347 3663 1499 3720 lasciviam

450 3750 575 3821 alicujus
603 3749 796 3822 reputationis
827 3749 905 3821 apud
936 3766 1042 3822 graves
1072 3755 1102 3804 et
1131 3749 1237 3821 probos
1273 3753 1337 3804 erat
1371 3748 1499 3812 babitus,

451 3833 586 3904 quamvis
612 3833 799 3890 doctissimus
817 3833 849 3888 in
872 3833 941 3905 jure
968 3833 1074 3896 fuerat,
1101 3832 1132 3886 in
1160 3849 1308 3900 summum
1331 3832 1499 3905 pontificem

451 3917 613 3989 elegerunt,
634 3923 664 3972 et
682 3933 749 3972 eum
774 3915 925 3972 Urbanam
948 3915 965 3971 5
990 3915 1230 3979 nominaverunt3
1250 3915 1402 3972 credentes
1421 3915 1499 3988 quod

450 4002 547 4073 ipsum
574 4001 715 4057 haberent
740 3999 777 4056 ad
801 4001 920 4056 libitum
946 4007 975 4055 et
1004 3999 1219 4070 beneplacitum
1249 4017 1352 4055 eorum
1383 4017 1499 4072 semper

449 4092 683 4142 cousentaneum.
721 4085 766 4140 De
785 4103 843 4156 qno
860 4085 938 4140 buno
955 4101 1074 4139 versum
1093 4083 1213 4154 quidam
1232 4085 1424 4154 scripserunt,

558 4214 576 4239 “
596 4212 685 4267 Hunc
703 4217 817 4284 patrem
835 4217 955 4283 patrum
973 4209 1045 4265 iecit
1062 4209 1210 4265 discordia
1228 4209 1384 4266 fratr-nm.'’

284 4351 421 4404 nigrefor.
487 4335 563 4391 (lum
581 4340 677 4391 autem
695 4341 834 4408 papatum
853 4333 1043 4398 ascendisset,
1063 4349 1180 4388 omnem
1197 4332 1349 4390 lasciviam
1368 4351 1450 4389 snam
1469 4337 1500 4388 et

282 4419 421 4470 medones
451 4437 546 4474 mores
566 4418 646 4474 leves
664 4437 682 4474 a
700 4435 732 4474 sc
750 4418 868 4490 penitus
886 4417 1040 4480 resecavit,
1062 4423 1093 4472 et
1110 4417 1201 4489 coepit
1224 4417 1355 4472 omnium
1370 4417 1500 4488 justissi-

283 4485 423 4602 ngaioffls
450 4523 516 4559 mus
535 4521 599 4558 esse
618 4509 648 4557 et
665 4503 697 4556 in
715 4503 794 4556 omni
812 4501 958 4572 probitate
976 4500 1133 4572 perlectus.
1171 4501 1240 4565 Hic,
1254 4501 1286 4556 in
1303 4501 1399 4572 prima
1417 4501 1498 4570 equi·

452 4647 532 4656 ...η-

314 4675 325 4710 q
484 4725 491 4757 ¹
509 4723 693 4788 Printedfroru
710 4723 753 4773 the
771 4723 880 4788 Egerton
891 4723 947 4774 MS.
1030 4723 1180 4790 ²nesoodo]
1199 4724 1340 4789 nephanda,
1351 4723 1408 4775 MS.

338 4809 341 4820 '
450 4804 497 4855 See
509 4805 595 4864 above,
606 4819 629 4866 p.
645 4809 700 4864 152,
711 4811 769 4852 note
781 4809 804 4851 8.
