3578 5874
486 877 550 940 254
712 893 851 944 ruem
872 893 981 946 scens
1002 893 1120 946 sorus
1140 893 1299 943 nncnrns.

316 1079 385 1133 Am.
398 1085 462 1131 raas
482 1064 606 1144 fuisset,
646 1088 717 1134 ecce
755 1070 866 1135 subito
904 1071 997 1158 regni
1043 1070 1193 1136 turbatio
1233 1069 1275 1134 de
1311 1069 1459 1134 adventu
1494 1069 1530 1132 et

314 1156 405 1202 ’¹³⁹²
482 1168 701 1254 applicatione
731 1171 767 1235 in
798 1172 955 1259 Angliem
987 1172 1113 1238 domini
1146 1172 1283 1238 Henrici
1320 1171 1412 1237 ducis
1442 1168 1529 1234 Lan·

482 1271 609 1338 sutriae
639 1277 674 1336 et
705 1273 830 1338 domini
853 1275 987 1341 Thomae
1017 1274 1250 1361 archiepiscopi
1281 1273 1529 1340 Oantuariensis

481 1375 573 1460 prius
587 1373 807 1460 relegatorum
822 1398 830 1456 ;
851 1397 990 1462 quorum
1006 1381 1112 1442 terror
1127 1377 1274 1464 singnrios
1295 1379 1381 1464 regis
1395 1374 1528 1442 Ricardi

481 1477 651 1541 ministros
673 1476 849 1555 invaserat,
872 1499 910 1543 ao
932 1479 1018 1544 eirea
1039 1479 1263 1544 resistentiam
1285 1485 1399 1546 contra
1420 1479 1527 1565 ipsum

482 1579 598 1644 ducem
613 1581 647 1644 et
659 1601 733 1644 suos
748 1580 856 1646 effecit
870 1581 1069 1667 magnaliter
1091 1580 1263 1668 ocenpari.l
1303 1581 1404 1647 Unde
1418 1581 1462 1646 ed
1477 1580 1528 1644 ni·

482 1681 529 1746 hil
544 1681 637 1746 alind
660 1703 758 1770 quam
781 1682 824 1748 ed
846 1683 927 1749 dicti
945 1683 1031 1770 regis
1047 1683 1187 1763 Ricardi,
1202 1689 1285 1749 tunc
1298 1685 1335 1748 in
1351 1683 1526 1770 Hybernia

480 1786 661 1864 existentis,
679 1807 820 1864 causam,
835 1791 870 1852 et
885 1787 1016 1874 praefati
1032 1786 1132 1864 ducis
1148 1787 1320 1852 intendere
1333 1791 1521 1874 potuerunt

480 1887 608 1953 Deinde
632 1889 788 1954 continuo
821 1889 959 1976 prefato
991 1889 1183 1954 cancellario
1205 1887 1248 1954 eb
1271 1889 1375 1954 officio
1402 1895 1522 1970 amoto,

479 1996 513 2054 et
535 1989 738 2056 thesaurario
763 2013 838 2056 cum
860 1991 933 2056 eliis
955 1991 1036 2058 dicti
1051 1992 1137 2079 regis
1153 1991 1286 2056 Ricardi
1309 1991 1525 2057 familiaribus

480 2091 666 2179 decapitato
698 2115 756 2181 per
788 2093 897 2182 ipsum
932 2093 1102 2159 dominum
1134 2094 1259 2175 ducem,
1282 2094 1417 2182 ipsoque
1448 2113 1524 2181 rege

479 2195 622 2261 Ricardo
645 2217 666 2261 a
687 2197 848 2284 regimina
870 2196 965 2283 regni
988 2196 1133 2275 cedente,
1156 2201 1197 2260 ut
1217 2195 1400 2283 vulgariter
1424 2196 1525 2262 refert

478 2296 589 2376 suma?
611 2299 746 2385 ejusque
770 2303 877 2364 morto
908 2297 1105 2386 paulopost
1128 2298 1380 2376 interveniente,
1404 2303 1439 2364 et
1462 2317 1525 2364 ces·

480 2401 570 2465 sione
604 2401 736 2466 abbatis
770 2402 877 2467 nostri
909 2401 1035 2488 pariter
1067 2399 1271 2482 imminente,
1300 2399 1342 2466 ab
1373 2399 1522 2466 ulteriori

478 2503 707 2586 prosecutione
730 2525 828 2590 super
850 2501 1101 2589 inquisitionem
1131 2499 1417 2590 consumptionem
1444 2523 1524 2589 prae·

478 2605 682 2692 scriptarum,
710 2613 745 2672 et
775 2607 849 2671 aliis
879 2607 1054 2692 praedictns
1080 2607 1287 2692 exceptiones
1310 2611 1345 2671 et
1366 2625 1523 2672 exonera·

477 2708 585 2773 tiones
615 2709 897 2790 concernentibus,
930 2710 973 2775 cd
1004 2713 1153 2796 tempore
1186 2708 1349 2795 quietiora
1379 2729 1526 2796 superse-

478 2807 576 2876 dere³
598 2812 778 2876 necessario
813 2809 1009 2899 oportebat⁴
1053 2811 1172 2898 Sitque
1193 2811 1352 2898 praefatus
1373 2809 1525 2878 dominns

477 2911 620 2978 Thomas
654 2914 758 2978 abbas
791 2914 929 2980 eandem
961 2935 1122 2980 summam
1145 2935 1177 2980 x.
1200 2911 1369 2994 libram,
1392 2913 1426 3000 ij.
1449 2913 1525 2978 soli·

477 3017 602 3096 dorum,
626 3037 659 3080 x.
677 3017 895 3096 denariorum,
911 3016 1008 3096 oboli,
1024 3016 1061 3080 in
1076 3016 1218 3082 recordis
1233 3037 1290 3082 seu
1305 3016 1524 3082 memorandis

473 3120 669 3186 *sueonii‘
694 3120 775 3187 dicti
798 3121 925 3185 domini
951 3119 1036 3206 regis
1059 3117 1193 3184 Ricurdi
1222 3120 1304 3185 elias
1331 3119 1368 3184 in
1402 3125 1524 3184 eventu

474 3243 495 3286 n
517 3225 720 3289 monasterio
742 3227 857 3289 nostro
881 3223 1085 3310 exigendam,
1104 3227 1164 3286 cut
1185 3221 1271 3288 forte
1293 3243 1351 3310 per
1372 3221 1523 3287 debitum

473 3347 658 3410 processum
680 3325 776 3390 nobis
800 3325 1011 3401 allocandum,
1025 3324 1062 3388 in
1078 3325 1221 3389 cessione
1235 3345 1295 3389 sua
1309 3323 1524 3410 computabat

473 3427 563 3492 inter
593 3427 660 3492 alie
694 3426 809 3492 debita
839 3426 1032 3492 monasterii
1061 3445 1238 3504 remanere,
1263 3425 1421 3512 quatinus
1451 3445 1522 3490 suc·

474 3549 631 3594 cessorem
654 3528 725 3614 ejus
747 3529 979 3595 ferventiorem
1004 3528 1157 3594 redderet
1179 3532 1213 3594 et
1235 3529 1430 3615 proniorem,
1454 3549 1522 3593 non

506 3857 514 3892 ¹
531 3859 607 3911 Ater
629 3861 751 3924 compari,
769 3859 836 3910 Nam
854 3857 972 3924 preditis
1055 3853 1066 3890 ²
1082 3857 1184 3922 ipsoque
1202 3895 1208 3908 .
1225 3895 1232 3910 .
1251 3896 1257 3908 .
1268 3857 1356 3924 samo]
1376 3865 1450 3924 atque
1469 3855 1523 3922 ipso

471 3939 598 3990 Hem-icus
617 3941 669 3990 dux
680 3939 842 4002 Lanesstriae,
861 3939 972 3990 rexAn-
1021 3951 1081 4002 rege
1097 3938 1207 3989 Ricardo
1223 3937 1256 3988 de
1274 3937 1398 3988 Hibernia
1419 3937 1447 3988 in
1463 3938 1522 3988 An·

471 4021 971 4086 gli-inproximofuturus,hereditaum
1020 4017 1097 4082 glism
1115 4019 1242 4080 redeunte,
1259 4031 1304 4082 per
1320 4017 1417 4068 dictum
1433 4019 1522 4068 ducem

471 4108 527 4164 post
545 4102 673 4151 decessum
690 4101 767 4164 patris
787 4099 970 4160 vendicaturus,
1020 4095 1047 4144 in
1076 4095 1169 4147 Wcilis
1196 4104 1279 4162 capto,
1306 4097 1469 4157 incarcerato,
1496 4103 1522 4146 et

470 4179 548 4230 irnmo
565 4179 647 4244 potius
669 4195 776 4245 regnum
801 4187 826 4230 et
850 4179 970 4245 regaliam
1020 4175 1147 4226 ardema
1166 4175 1290 4242 regimine
1307 4175 1380 4242 regni
1401 4173 1521 4241 depon'ta

470 4258 609 4318 invasurus,
617 4257 970 4323 unacnmpraedictodomino
1020 4253 1049 4304 E.

471 4339 570 4388 Thomu
590 4338 762 4391 cantuariensi
786 4337 970 4402 archiepiscopo
996 4364 999 4437 ἡ
1052 4379 1063 4412 3
1167 4379 1223 4430 der

471 4426 497 4469 et
513 4417 605 4470 comite
621 4420 653 4468 de
664 4417 811 4480 Arundelle,
822 4419 889 4482 apud
907 4433 970 4482 prse-
997 4445 999 4527 ι
1019 4459 1070 4512 MS
1079 4393 1167 4446 mm
1223 4377 1249 4446 θ]

472 4497 594 4564 scriptum
611 4498 695 4548 locum
711 4505 827 4548 ruentum
843 4497 970 4547 Ravense-
997 4545 999 4563 ,
1072 4497 1078 4512 ’

471 4579 542 4638 rodd,
559 4578 601 4628 nbi
618 4577 761 4643 prescripta
777 4575 838 4627 villa
853 4577 894 4626 del
912 4575 970 4626 Odd
997 4572 999 4637 i
1052 4575 1156 4628 Ἀλω-
1180 4573 1313 4643 oportebat,
1339 4575 1381 4628 De
1407 4573 1521 4628 ulteriori

468 4656 543 4718 juxta
561 4657 688 4708 Ravenser
708 4657 804 4707 dudum
827 4662 970 4708 constructa
997 4706 998 4733 Χ
1019 4671 1137 4722 processu
1159 4671 1189 4708 sc
1208 4655 1369 4722 inquisitione
1387 4669 1521 4722 conrump-

470 4735 553 4787 fnerat
586 4739 630 4788 sed
663 4743 725 4788 tnnc
760 4743 915 4801 consumpte,
942 4733 969 4784 in
1019 4735 1118 4787 donum
1133 4735 1335 4802 prescriptam
1350 4743 1462 4801 tempore
1477 4737 1522 4788 dc·

470 4813 647 4879 uouemere,
674 4831 733 4868 cum
767 4815 855 4880 panon
887 4813 968 4879 appu·
996 4790 1082 4869 imis
1100 4815 1224 4866 vinem
1251 4815 1395 4868 wendover
1423 4815 1522 4867 essars

470 4901 566 4958 cuent,
577 4893 608 4944 Ε.
996 4892 999 4946 i
1020 4902 1107 4958 poetes
1117 4891 1449 4959 &enneminta

1296 4381 1455 4445 supercedere
1494 4377 1521 4430 in
