3538 5860
471 866 537 930 292
714 879 914 928 minumus
937 875 1046 928 ssnss
1067 879 1262 928 morsurus

305 1055 375 1106 Μ).
389 1058 461 1104 1⁴01.
473 1045 688 1111 consessionis
729 1053 932 1133 praenotntae,
968 1047 1103 1112 valebat
1133 1051 1169 1112 et
1203 1068 1294 1112 nuno
1337 1045 1429 1111 velet
1462 1065 1522 1130 per

306 1159 438 1211 lnArnrt
474 1168 599 1212 annum
633 1171 663 1214 x
698 1149 806 1216 libros
854 1151 896 1216 In
930 1150 1013 1214 ville
1045 1151 1087 1216 de
1124 1149 1302 1214 Amhellis
1339 1149 1405 1213 dno
1440 1167 1522 1210 mes-

474 1249 598 1336 suugis,
621 1273 696 1338 quoe
718 1257 866 1340 tempore
888 1251 986 1318 dictae
1009 1274 1105 1318 novae
1127 1259 1226 1330 texte,
1251 1257 1285 1318 et
1314 1250 1417 1316 etiem
1439 1254 1523 1314 tem·

475 1374 551 1440 pore
581 1353 679 1421 dietoe
705 1355 929 1434 oonoessionis,
955 1354 1113 1420 volebant
1131 1361 1167 1420 et
1186 1355 1295 1419 adhue
1322 1353 1437 1419 volent
1464 1371 1522 1438 per

475 1476 601 1521 annum
623 1457 666 1542 vj,
690 1456 819 1522 solidos.
865 1455 913 1522 Et
934 1457 971 1521 in
992 1457 1107 1522 endem
1132 1457 1215 1522 villa
1243 1456 1287 1520 ln
1314 1477 1407 1522 serus
1425 1459 1522 1519 terrm

475 1557 618 1635 erabilis,
640 1579 716 1644 quse
747 1558 952 1645 temporibus
975 1559 1143 1646 predictis
1173 1557 1332 1624 velebant
1353 1561 1389 1622 et
1410 1554 1522 1620 volent

476 1681 535 1746 per
556 1681 682 1724 annum
703 1682 782 1726 xxm
805 1660 933 1726 solidos.
980 1660 1027 1726 Et
1047 1662 1085 1727 in
1107 1661 1221 1726 eedem
1246 1659 1291 1745 vj.
1313 1681 1405 1725 eorus
1427 1657 1523 1745 preti.

477 1783 551 1848 quae
573 1762 778 1848 temporibus
793 1763 960 1850 praedietis
979 1763 1137 1829 velebant
1159 1768 1195 1830 et
1216 1762 1324 1829 adhue
1339 1761 1453 1828 velent
1465 1781 1523 1846 per

477 1885 602 1930 sunum
624 1865 681 1950 xij.
705 1865 832 1930 solidos
887 1864 1036 1930 Pretium
1055 1865 1233 1952 cujuslibet
1254 1887 1338 1932 neree
1361 1865 1395 1950 ij.
1418 1862 1521 1929 solidi

308 1967 450 2088 ffiffiflss·
478 1965 574 2046 Item,
595 1967 632 2032 in
664 1966 863 2055 Drynghow
887 1989 993 2032 unum
1025 1969 1246 2054 mesuagium
1277 1973 1363 2032 etv.
1385 1965 1523 2030 bovatas

346 2053 377 2088 '⁸
477 2073 581 2146 terrae,
598 2090 671 2154 quae
685 2069 889 2156 temporibus
903 2069 1159 2156 predictis-et
1176 2073 1304 2148 oaeters,
1319 2089 1380 2155 per
1399 2087 1523 2133 ennom

309 2182 440 2236 lusson
478 2171 605 2257 xxxiiij.
629 2171 755 2237 solidos
802 2171 898 2250 Item,
920 2172 956 2236 in
979 2171 1102 2238 Setona
1123 2193 1227 2237 unum
1250 2170 1468 2258 memusgium
1490 2173 1525 2232 et

478 2273 523 2359 iij.
539 2274 678 2338 bovatas
692 2278 798 2352 terrae,
813 2295 888 2360 quae
903 2275 1107 2360 temporibus
1121 2273 1377 2360 praedietis-et
1399 2277 1523 2347 eaetern,

311 2379 452 2432 Insatton
478 2396 537 2460 per
559 2397 683 2438 armum
706 2396 762 2440 xx
785 2373 913 2442 solidos
960 2375 1058 2454 Item,
1091 2375 1127 2439 in
1150 2376 1296 2441 Suttons
1317 2396 1421 2441 unum
1443 2395 1526 2438 mes·

479 2476 639 2562 euagrium,
656 2476 761 2562 xxiiij.
784 2475 897 2542 aoras¹
914 2483 1012 2543 terroe
1026 2477 1169 2556 erabilis,
1192 2483 1227 2544 et
1240 2478 1284 2563 vj.
1300 2475 1412 2543 eoras¹
1427 2477 1523 2562 prati,

479 2598 552 2663 quoe
575 2577 672 2642 dietis
695 2579 990 2664 temporibus-et
1015 2585 1142 2661 stetere,
1169 2601 1228 2666 per
1248 2601 1374 2645 sunum
1397 2577 1546 2663 xxxvij..

312 2691 439 2811 pplgnyt-
480 2678 751 2849 {Zipotpmfftep
766 2678 1008 2848 irpieiipypfelffl
1023 2681 1285 2850 jbmessupgium
1300 2687 1335 2747 et
1357 2681 1402 2767 iij.
1425 2681 1525 2746 bove·

311 2895 451 2950 nnn
480 2883 547 2969 xvj.
579 2804 713 2958 orit?
736 2805 783 2969 ξ.
816 2803 1178 2966 ἀθὶἓᾨῗοῖωᾚ
1193 2789 1526 2972 bittit&

479 2986 572 3073 gium
602 2992 637 3052 et
664 2985 744 3070 iiiju
768 2985 907 3054 bovatas
938 2991 1044 3064 terrae,
1078 3009 1152 3073 quae
1184 2988 1281 3054 dietis
1314 2986 1525 3075 temporibus,

313 3177 367 3219 ¹⁰¹²·
452 3182 456 3190 ’
480 3191 650 3278 dyugtone
660 3191 684 3276 j.
700 3192 919 3278 messuagium
935 3197 970 3256 et
984 3191 1027 3275 vj.
1050 3191 1190 3258 bovatas
1211 3199 1320 3273 temae,
1337 3214 1410 3278 quae
1432 3191 1527 3257 dietis

479 3294 771 3379 temporibus-et
785 3299 916 3375 oaetera,
931 3315 990 3380 per
1005 3315 1140 3373 annum,
1155 3316 1211 3361 xm
1228 3295 1355 3361 solidos.
1388 3295 1481 3372 Item,
1494 3295 1527 3358 in

311 3405 344 3457 ln
354 3404 450 3460 Ieven
481 3395 613 3462 Levenn
623 3397 648 3481 j.
663 3397 886 3483 messuagium
908 3401 943 3462 et
965 3397 1046 3481 lviij.
1063 3418 1152 3462 acras
1166 3403 1321 3484 passure,
1335 3419 1410 3485 quae
1432 3397 1527 3462 dietis

479 3497 772 3583 temporibus-et
787 3503 915 3578 oaetere,
931 3519 990 3584 per
1005 3519 1130 3564 annum
1145 3499 1193 3586 iij.
1215 3499 1324 3565 libres
1371 3500 1468 3581 Item,
1492 3499 1526 3562 in

187 3634 191 3646 .
312 3599 346 3650 111
358 3601 466 3668 skyme.
480 3597 615 3684 Skyrne
645 3599 829 3664 manerium
862 3600 903 3665 de
936 3599 1072 3686 Skyros
1093 3623 1167 3666 oum
1199 3603 1417 3690 pertinentiis,
1441 3601 1527 3688 quod

478 3705 625 3789 tempore
662 3702 761 3768 diotae
797 3723 893 3767 novae
930 3709 1020 3769 texae
1050 3703 1184 3768 volebat
1221 3726 1279 3790 per
1315 3726 1440 3770 anuum
1472 3703 1527 3789 vij.

478 3803 587 3882 libras,
611 3809 646 3870 et
667 3809 814 3890 tempore
848 3804 947 3870 diotoe
980 3806 1199 3871 oonoessionis
1228 3807 1361 3872 volebat
1385 3813 1420 3872 et
1441 3825 1528 3871 nuno

312 3911 450 3964 Inwber·
477 3905 568 3971 valet
589 3927 647 3993 per
669 3928 794 3972 annum
816 3907 860 3993 vj.
883 3907 992 3972 libras.
1038 3907 1133 3986 Item,
1164 3908 1201 3972 in
1224 3907 1419 3974 Whnrrome
1440 3909 1476 3972 in
1497 3907 1527 3971 le

312 3992 376 4030 '⁰¹²¹'
479 4007 590 4073 Strote
611 4010 795 4074 manerium
821 4009 861 4074 de
889 4008 1083 4074 thrrome
1105 4031 1180 4076 oum
1200 4009 1419 4096 pertinentiis,
1442 4009 1528 4096 quod

480 4110 645 4195 praediotis
668 4112 872 4198 temporibus
887 4111 1020 4176 volebat
1041 4117 1076 4177 et
1098 4111 1206 4177 adhue
1220 4111 1311 4178 velet
1332 4133 1391 4199 per
1404 4133 1528 4176 annum

313 4203 440 4322 Ῑξοέοῐῦ·
480 4232 506 4278 o.
521 4211 648 4278 solidos.
694 4211 791 4291 Item,
806 4213 842 4277 in
858 4213 1071 4279 Mollesorofft
1085 4213 1130 4300 iij.
1147 4211 1308 4280 bovatas³
1330 4219 1436 4292 terrae,
1457 4235 1529 4299 quae

312 4287 327 4321 ⁰
378 4311 384 4323 '
480 4313 683 4400 temporibus
696 4315 955 4400 praedietis-et
970 4321 1098 4393 oaetere,
1112 4337 1172 4402 por
1186 4337 1311 4381 annum
1333 4315 1377 4380 xl.
1401 4315 1528 4381 solidos.

311 4417 344 4468 1¹1
356 4419 463 4472 oreon
481 4415 576 4494 Item,
607 4417 643 4480 in
669 4417 823 4482 Oketona
845 4439 950 4483 unum
981 4419 1202 4506 messuagium
1225 4423 1260 4484 et
1291 4440 1347 4486 xx.
1368 4418 1528 4484 bovetns³

511 4689 518 4718 ¹
536 4690 623 4755 amos]
643 4705 707 4739 norae
719 4689 745 4738 in
756 4689 812 4740 MS.
1068 4689 1079 4720 ³
1095 4689 1208 4755 bmmtoe]
1227 4693 1326 4742 bovata}
1337 4692 1363 4741 in
1375 4691 1432 4743 MS.

509 4765 519 4796 ‘³
538 4765 673 4832 Hqufeld]
694 4767 875 4832 westheytseld
886 4766 911 4814 in
924 4767 953 4816 u.
