3578 5874
458 866 522 930 262
685 877 826 927 ruouss
847 878 954 928 sums
976 880 1094 928 sorus
1115 877 1276 929 nncnrus

289 1065 358 1116 nn.
373 1053 524 1117 rosssuis
546 1053 704 1139 expensis,
727 1055 771 1118 ad
801 1053 984 1118 Romanam
1013 1054 1138 1118 omium
1171 1055 1432 1134 tranmniserunt,
1463 1075 1501 1119 ao

290 1138 381 1184 ¹³⁹⁹
381 1157 715 1272 theimpetrarunt
705 1157 808 1243 ipsius
841 1155 979 1242 capituli
1012 1156 1260 1235 revocationem,
1286 1179 1325 1223 se
1353 1157 1500 1223 omnium

290 1275 424 1323 munimen
426 1281 437 1322 ι
456 1279 729 1338 commissionum,
745 1256 993 1343 quibuscunque
1006 1258 1061 1322 vel
1083 1279 1279 1344 quecunque
1299 1260 1404 1324 forma
1426 1281 1500 1324 ver-

289 1341 369 1418 ⁰¹⁰¹?
377 1356 446 1390 ⁰⁰¹⁰
456 1361 573 1426 borum
595 1383 653 1447 per
673 1361 800 1426 dictum
821 1358 1035 1447 (capitulum
1025 1381 1063 1423 ιιι
1084 1362 1282 1426 monasterio
1313 1363 1354 1427 de
1376 1361 1501 1428 Gratiis

291 1462 655 1527 ιιιιι.οι1οὶιιιιιιιιιι
688 1483 920 1539 concessarum,
941 1462 1107 1548 integram
1138 1463 1406 1530 adnullationsm
1450 1464 1501 1529 Ac

456 1586 553 1650 super
596 1565 786 1649 hujusmodi
830 1565 1039 1630 revocatione
1081 1571 1117 1630 et
1152 1565 1378 1631 aduullntious
1413 1566 1501 1630 bulla

454 1667 583 1754 papalis
615 1668 660 1732 ad
690 1668 927 1733 monasterium
959 1672 1112 1732 nostrum
1143 1669 1298 1734 continuo
1319 1675 1372 1735 est
1391 1669 1496 1734 allata

290 1775 404 1826 Risum
457 1771 523 1836 Sed
545 1770 697 1857 praedicti
719 1769 880 1836 Ricordns
909 1775 944 1835 et
965 1770 1101 1848 Alanus,
1125 1791 1223 1858 super
1244 1771 1430 1856 hujusmodi
1449 1793 1498 1836 rc

290 1842 433 1959 fflssu,
457 1873 632 1939 vomtione
653 1879 689 1939 et
717 1873 984 1938 adnullatione'
974 1873 1077 1950 inscii,
1100 1895 1161 1938 nec
1190 1873 1234 1938 nd
1266 1875 1499 1940 monasterium

288 1977 432 2040 mappas
457 1981 608 2042 nostrum
637 1976 796 2042 audentes
827 1997 980 2055 remeare,
1002 1997 1062 2062 per
1091 1977 1215 2063 patries
1236 1981 1272 2042 et
1293 1977 1413 2064 oppida
1434 1975 1499 2040 dis-

288 2043 435 2160 ,ἅχω
440 2080 655 2145 'mmaee'ntes
644 2103 681 2144 ιιι
702 2080 820 2144 habitu
842 2079 999 2156 saeoulsri,
1022 2079 1227 2144 honestatem
1249 2081 1353 2145 nostri
1375 2078 1500 2144 ordinis

289 2175 445 2233 Albemule,
423 2184 653 2269 e’magnaliter
674 2182 885 2269 denigrando,
899 2181 1077 2246 novimime
1091 2181 1310 2247 veneruntad
1331 2181 1499 2247 dominum

290 2241 361 2358 Ῐξξιῃ
358 2258 400 2358 ‘f
458 2286 669 2351 Edmundum
703 2285 820 2350 ducem
850 2284 1070 2362 Albemarliae,
1098 2290 1173 2371 post
1202 2289 1343 2349 mortem
1374 2284 1499 2348 domini

289 2375 405 2500 3⁰¹2·
458 2389 590 2453 Thomae
617 2385 779 2452 Wodstok
808 2387 979 2450 dominum
1011 2387 1052 2450 de
1084 2385 1286 2452 Holderness
1319 2390 1354 2452 et
1384 2385 1501 2450 brude-

288 2505 390 2558 interse-
456 2495 562 2555 torem
598 2491 705 2555 nostri
746 2489 937 2553 monasterii
981 2495 1217 2574 nuncupatum,
1255 2488 1360 2554 eidem
1399 2509 1499 2552 unam

288 2587 368 2626 ΓΜ
455 2593 604 2658 cedulsm
626 2593 837 2680 porrigentes,
851 2592 1068 2657 intrusionem
1082 2592 1211 2678 praefuti
1226 2591 1351 2657 domini
1366 2591 1500 2656 Tbomae

455 2697 585 2762 Burton
606 2695 744 2774 abbatis,
759 2715 887 2761 necnon
908 2699 944 2759 ct
965 2695 1159 2781 grevenum
1173 2695 1351 2760 conventui
1372 2715 1498 2759 monss-

454 2799 531 2864 terii
552 2799 658 2864 nostri
679 2819 738 2884 per
770 2797 941 2862 dominum
974 2795 1156 2862 Robertum
1189 2796 1322 2882 Burlny,
1345 2802 1386 2862 ut
1407 2796 1497 2861 dixe-

453 2907 542 2980 runt,
557 2901 651 2966 illata
672 2901 824 2986 nequiter
846 2900 1089 2978 coutinentem3
1114 2899 1220 2964 eidem
1235 2899 1369 2964 domino
1383 2899 1498 2964 obnix-

453 3005 507 3070 ius
529 3005 756 3091 supplioantcs,
780 3007 950 3087 quatenus,
967 3001 1201 3067 considerando
1216 3001 1303 3087 quod
1325 3002 1496 3088 praefatum

453 3114 604 3174 nostrum
626 3106 861 3172 monasterium
895 3105 937 3170 de
967 3105 1182 3170 advocatione
1215 3125 1274 3169 sus
1299 3105 1421 3169 cdtuno
1442 3125 1500 3170 ex·

453 3212 577 3290 isteret,
599 3215 634 3275 et
656 3208 778 3296 singuli
800 3206 951 3272 monachi
973 3207 1056 3272 dicti
1087 3207 1276 3274 monasterii
1298 3211 1440 3272 oratores
1461 3228 1499 3272 ac

454 3313 600 3397 ejusdem
637 3311 798 3396 capellani
834 3309 952 3374 merito
984 3309 1093 3374 forent
1130 3309 1275 3395 obligati,
1311 3309 1420 3388 unde,¹
1454 3309 1497 3374 sd

454 3415 524 3500 ejus
546 3413 784 3478 serenissimum
815 3411 1072 3476 dominationem
1106 3411 1148 3475 cb
1181 3411 1283 3498 ipsius
1313 3411 1497 3476 oratoribus

454 3517 676 3601 pervenerunt
699 3513 883 3577 transmissi
905 3535 964 3598 pro
981 3533 1136 3578 succursu
1157 3535 1195 3578 oo
1217 3513 1358 3579 remedio
1381 3535 1498 3600 oppor-

454 3623 559 3696 tuuo;
593 3616 680 3701 quin,
702 3615 767 3678 nisi
789 3615 860 3699 ejus
892 3617 1041 3702 potentis
1063 3614 1274 3703 praefotorum
1296 3617 1348 3681 eui
1377 3617 1496 3680 intrusi

453 3724 487 3784 et
509 3719 591 3783 dicti
613 3718 739 3783 domini
773 3716 911 3782 Roberti
941 3717 1071 3784 abbatis
1101 3717 1141 3782 de
1175 3717 1337 3784 Fontibus
1370 3719 1497 3784 mulitia

453 3822 692 3898 refraensretur,
715 3841 828 3885 omnes
850 3826 885 3885 ct
907 3819 1053 3906 singulos
1075 3819 1179 3906 ipsius
1205 3833 1349 3886 oratores
1370 3822 1407 3886 in
1429 3843 1496 3886 mo-

452 3925 595 3989 nasterio
616 3927 730 3988 nostro
759 3920 1022 3987 commorantes²
1045 3923 1266 3989 incontinenti
1295 3925 1402 4010 ipsum
1424 3947 1496 3989 nos·

452 4031 542 4092 trum
564 4027 800 4091 monasterium
829 4026 973 4090 deserere
1004 4025 1184 4112 oportebat,
1208 4025 1401 4091 sodomum
1423 4026 1494 4106 Dei,

452 4126 562 4216 quod³
583 4151 641 4216 per
656 4151 730 4194 suos
744 4128 967 4215 progenitores
981 4128 1024 4192 ad
1047 4128 1111 4192 Dei
1125 4129 1256 4193 laudem
1275 4129 1495 4194 extollendam

451 4232 559 4298 fueret
589 4231 782 4309 stabilitum,
816 4252 905 4296 nunc
938 4252 1005 4316 prae
1042 4230 1189 4316 ipsorum
1220 4230 1271 4294 sui
1308 4231 1428 4296 intrusi
1461 4236 1496 4296 et

452 4335 533 4402 dicti
566 4333 692 4398 domini
723 4333 861 4398 Roberti
892 4332 1021 4397 abbatis
1052 4332 1092 4396 de
1124 4331 1294 4413 Fontibus,
1318 4337 1431 4398 contra
1461 4339 1495 4400 et

452 4443 571 4525 praetcr
593 4435 799 4502 voluntatem
831 4435 1077 4523 progenitorum
1107 4457 1239 4500 suorum
1269 4435 1494 4523 dictorumque

483 4729 488 4760 ¹
509 4729 582 4794 trude]
603 4730 638 4780 So
655 4731 753 4782 written
774 4729 799 4780 in
816 4731 858 4782 the
874 4745 944 4780 sense
1018 4728 1484 4798 ²c0mmurJoomoreuurinMS.

448 4809 548 4858 osinde.
1020 4808 1124 4874 3ιιιιιιιί]
1144 4809 1187 4860 the
1201 4809 1305 4874 reading
1316 4810 1345 4861 of
1352 4811 1394 4862 the
1407 4811 1464 4862 MS.
