3614 5888
489 889 668 946 aomrus
690 889 798 946 asam
819 893 951 947 surus
976 893 1138 948 suemus.
1267 880 1332 945 155

290 1189 370 1257 OAP.
409 1187 489 1255 XII.
535 1189 694 1257 Decetia
724 1189 871 1278 ejusden
906 1191 1040 1258 Urbmao'
1067 1193 1110 1260 ior
1142 1201 1284 1281 papatu,
1307 1199 1416 1260 oran.
1431 1209 1502 1258 laea.

532 1291 727 1360 reductione
749 1293 856 1360 uarice
877 1293 926 1360 acl
947 1295 1101 1362 Rotnani

334 1451 402 1516 Iste
426 1449 585 1516 Urbanus
607 1451 728 1516 electus
752 1451 818 1517 fuit
840 1453 935 1539 quasi
957 1453 1067 1519 media
1088 1475 1227 1542 persona
1249 1455 1338 1520 inter

290 1553 513 1620 Clementinos
536 1559 570 1618 et
601 1553 844 1622 Innocentinos.
905 1555 1050 1643 Ideoque
1079 1579 1193 1638 uersus
1215 1557 1279 1623 iste
1301 1559 1338 1622 in

288 1656 440 1722 omnibus
463 1655 531 1722 fere
553 1655 632 1722 locis
665 1655 806 1744 publicis
835 1657 872 1724 in
906 1659 996 1724 curia
1028 1659 1070 1725 da
1101 1659 1172 1746 ipso
1194 1660 1338 1748 scriptus

288 1758 371 1824 fuit:

358 1893 488 1960 “Hunc
509 1901 637 1982 patrem
659 1899 793 1983 patrum
815 1897 892 1962 fecit
914 1895 1075 1964 discordia
1096 1897 1263 1964 fratrum.''

336 2047 419 2112 Cum
443 2051 555 2112 autem
577 2049 736 2134 papatum
770 2047 976 2128 ascendisset,
1007 2069 1137 2114 omnem
1170 2049 1338 2114 lasciviam
1350 2052 1495 2130 reformor

292 2171 385 2214 suam
416 2154 451 2214 et
484 2171 589 2214 mores
619 2148 707 2215 leves
729 2171 750 2214 a
772 2171 806 2214 se
828 2149 960 2236 penitus
987 2149 1159 2230 resecavit,
1184 2156 1227 2230 et,
1252 2120 1442 2236 sicucffi
1453 2188 1487 2238 v,

291 2252 437 2318 omnium
459 2256 558 2338 eaput
582 2255 654 2316 erat
676 2251 819 2332 effeetus,
842 2248 892 2316 ita
922 2251 1069 2318 omnium
1099 2251 1199 2340 coepit
1223 2251 1339 2338 justis·
1353 2268 1386 2302 01¹
1397 2253 1437 2330 ¹15⁵

290 2355 392 2420 simus
424 2376 492 2420 esse
516 2358 550 2420 et
583 2354 619 2418 in
653 2353 743 2418 omni
774 2353 941 2442 probitate
979 2355 1150 2442 perfectus
1197 2355 1265 2421 Hic
1302 2357 1338 2421 in
1351 2319 1498 2448 ssffloe

291 2459 397 2544 prima
408 2457 612 2544 equitatione
627 2478 695 2537 sua,
711 2477 784 2523 eum
808 2455 831 2522 J
832 2455 920 2522 udaei
935 2455 971 2521 in
986 2457 1077 2523 curia
1092 2463 1338 2538 commorantes,
1351 2463 1406 2514 tion
1417 2480 1451 2514 011
1463 2465 1505 2516 the

291 2567 330 2626 ut
351 2559 451 2626 moris
481 2565 540 2637 est,
571 2564 778 2626 occurrerent
809 2557 897 2625 ciet
931 2559 1063 2626 tabulas
1095 2559 1243 2646 decalogi
1275 2529 1429 2626 sibim

291 2661 481 2750 proferrent,
505 2661 592 2750 cepit
614 2659 753 2739 tabulas,
778 2666 813 2727 et
835 2659 1002 2728 osculatus
1023 2686 1078 2730 eae
1100 2661 1236 2752 projecit
1251 2673 1339 2730 retro

290 2789 333 2848 se,
357 2765 476 2842 dicens,
501 2765 600 2830 “Lex
623 2763 757 2852 quidem
779 2762 867 2830 bona
882 2771 916 2832 et
930 2771 1044 2832 sancta
1059 2771 1118 2848 est,
1134 2787 1214 2854 gens
1228 2772 1338 2832 autem
1395 2755 1400 2764 ³

291 2875 310 2904 “
332 2867 515 2956 perversa.''
560 2867 658 2946 Quod
680 2867 832 2932 videntes
865 2863 979 2936 Judaei
1012 2869 1197 2935 timuerunt
1235 2867 1338 2946 valde,

292 2977 325 3037 et
347 2972 384 3036 in
407 2993 468 3037 sua
489 2967 669 3058 fugerunt.1
713 2967 888 3035 Habuerat
904 2970 991 3036 enim
1006 2969 1043 3036 in
1066 2971 1156 3036 curia
1171 2971 1338 3056 quandam
1351 2977 1491 3058 liutem

291 3073 514 3154 concubinam,
553 3073 593 3138 de
633 3095 698 3160 qua
735 3071 839 3137 filiam
877 3071 1046 3159 pulchram
1078 3081 1238 3161 genuerat
1267 3075 1338 3161 jam
1350 3049 1506 3162 {gfflhffl

291 3177 445 3244 nubilem.
507 3176 549 3241 In
594 3173 701 3263 primo
738 3175 843 3262 igitur
880 3175 1073 3240 consistorio
1107 3199 1176 3256 suo,
1208 3175 1489 3264 publiceeoneubine

293 3279 444 3348 omnibus
472 3279 533 3344 sub
565 3299 663 3366 poena
701 3277 1050 3343 excommunicationis
1082 3279 1266 3360 interdixit,
1297 3302 1339 3345 ne
1352 3247 1489 3378 ffigtflff

291 3383 411 3470 aliquis
433 3381 463 3447 ci
485 3403 543 3468 per
565 3387 705 3446 matrem
719 3379 774 3446 vel
788 3379 890 3444 filiam
905 3379 992 3468 ipssa
1008 3380 1072 3446 sibi
1086 3381 1340 3470 supplicationes

290 3487 411 3552 faceret
433 3483 621 3572 aliqualiter
642 3483 799 3549 exhiberi.
859 3481 953 3570 Ipsae
975 3481 1076 3548 etiam
1097 3483 1141 3550 ad
1163 3483 1234 3570 ejus
1256 3508 1339 3573 prae-

291 3589 431 3656 aentiam
454 3585 604 3653 accedere
635 3583 728 3650 nullo
759 3586 856 3650 modo
890 3608 911 3650 a
943 3591 1089 3673 tempore
1121 3587 1340 3654 ordinationis

293 3715 360 3758 suae
387 3689 547 3778 permisit.
593 3689 735 3754 Matrem
757 3709 836 3752 vero
858 3685 936 3754 filiae
958 3711 1027 3754 suae
1049 3689 1224 3776 pacificam
1246 3713 1339 3756 auam

292 3795 421 3872 fecerat,
444 3793 565 3858 timens
588 3813 609 3856 a
630 3789 757 3857 caeteris
781 3795 915 3878 propter
929 3812 1094 3856 venenum
1116 3791 1152 3857 in
1174 3816 1258 3880 pane
1280 3817 1339 3860 suo

293 3895 572 3964 commiscendum
620 3893 738 3958 Filiam
761 3897 874 3958 autem
896 3893 1017 3980 nuptui
1040 3893 1180 3960 tradidit
1210 3897 1340 3962 cuidam

293 4000 448 4066 familiari
485 4018 553 4077 auc,
574 3995 645 4076 ¹cui
683 4017 756 4061 eum
795 3995 908 4060 eadem
946 3995 1139 4061 comitatum
1175 3997 1215 4063 de
1246 3999 1341 4064 feodo

294 4101 435 4168 ecclesiae
468 4099 511 4165 ad
543 4097 650 4164 vitam
684 4119 796 4164 eorum
835 4097 1083 4166 commendavit.
1131 4097 1207 4186 Ipse
1240 4102 1341 4167 etiam
1354 4113 1502 4180 Heoblige·

296 4203 373 4270 fecit
395 4201 418 4267 J
420 4199 531 4268 udaaos
554 4206 588 4266 et
610 4197 797 4265 meretrices
835 4201 966 4285 portare
998 4197 1093 4286 signa
1126 4199 1162 4264 in
1196 4203 1343 4268 vestibus
1354 4180 1483 4297 ffigtpm

297 4304 523 4382 exterioribus,
546 4307 586 4368 ut
619 4301 662 4367 ab
699 4299 773 4366 aliia
795 4305 928 4388 possent
950 4299 1097 4368 discerni.
1144 4301 1219 4391 Ipse
1242 4305 1459 4371 etiamtowear

295 4407 473 4475 cardinales
504 4403 544 4470 da
582 4403 672 4470 omni
705 4403 840 4468 natione
873 4401 1061 4470 Christiana
1093 4381 1508 4511 commendatis-ffiflffi'mo,

296 4511 401 4590 simos,
450 4513 484 4574 et
518 4509 606 4573 viros
645 4505 799 4594 probatos
830 4505 867 4570 in
900 4507 1058 4592 praelatiis
1103 4511 1137 4573 et
1173 4507 1247 4573 aliis
1284 4508 1341 4572 ad-
1352 4511 1499 4633 iiiitoiff

609 4770 617 4803 ¹
626 4771 763 4837 samur]
781 4769 909 4836 mant
919 4770 947 4820 a
958 4771 1015 4823 us.
