3546 5872
475 874 596 940 lxxviii
910 887 1094 938 arrasum.

478 1061 630 1119 Gobelettz
649 1077 699 1119 sex
717 1059 848 1133 argentei
872 1077 925 1132 pro
943 1062 1045 1116 eodem
1071 1059 1200 1131 aquario,
1221 1057 1358 1132 ponderis
1382 1057 1414 1128 ij.
1434 1056 1523 1113 libra·

547 1163 623 1200 rum.

549 1312 679 1377 ciarum;
692 1329 760 1367 cum
779 1310 961 1384 coopertorio
979 1313 1009 1365 et
1026 1310 1109 1381 pede.

477 1394 589 1466 inhns
607 1395 683 1451 alius
696 1400 863 1467 argenteus,
878 1411 946 1452 cum
958 1392 1140 1466 coopertorio
1153 1397 1183 1448 et
1193 1391 1267 1464 pedo
1279 1391 1375 1464 longo,
1389 1389 1528 1462 ponderis

544 1477 568 1548 j.
586 1477 679 1544 libras,
700 1478 743 1548 iij.
763 1478 919 1534 unciarum
937 1483 968 1533 et
985 1476 1124 1532 dimidia.

476 1561 572 1617 Peciae
589 1567 651 1618 tras
669 1579 748 1617 canae
776 1566 931 1633 argentea,
954 1578 1022 1616 cum
1040 1577 1098 1615 uno
1116 1558 1306 1631 coopertorio,
1332 1557 1470 1630 ponderis
1493 1556 1526 1627 ij.

546 1644 700 1710 librarum,
719 1645 771 1716 vij.
791 1645 945 1700 unciarum
963 1650 994 1700 et
1012 1643 1164 1716 quartarii.

476 1725 572 1782 Peciae
590 1727 656 1782 duae
673 1727 741 1782 latos
769 1732 925 1800 argentea,
955 1744 1023 1783 cum
1053 1744 1111 1781 uno
1130 1725 1320 1796 coopertorio,
1340 1723 1476 1796 ponderis
1494 1723 1529 1794 ij.

546 1810 700 1876 librarum,
720 1811 751 1882 ij.
772 1811 935 1875 unciarum,
956 1815 986 1866 et
1003 1809 1133 1865 ‹limidiae
1151 1815 1182 1865 et
1199 1807 1351 1881 quartarii.

476 1893 572 1949 Peciae
590 1893 656 1950 aliae
672 1893 802 1964 quinquo
823 1894 892 1948 latae
912 1898 1070 1964 argenteas,
1094 1911 1162 1949 cum
1179 1909 1238 1948 uuo
1256 1889 1444 1963 coopertorio,
1457 1907 1527 1962 pon·

547 1976 627 2031 deris
645 1977 688 2048 iij.
708 1977 853 2032 librarum
870 1977 890 2031 i.
912 1976 1013 2032 unciae.

477 2058 653 2131 Spyceplate
667 2059 690 2131 j.
710 2060 746 2115 de
765 2065 897 2130 argento,
916 2059 1055 2130 ponderis
1070 2057 1093 2129 j.
1112 2057 1207 2124 librae,
1227 2057 1258 2114 ii.
1277 2057 1441 2114 unciarum.

475 2143 557 2200 Pixie
582 2149 724 2218 argentea
747 2143 941 2214 propulsare
960 2141 1134 2214 specierum,
1154 2141 1292 2214 ponderis
1310 2141 1354 2217 iij.
1372 2141 1525 2198 unciarum

547 2231 578 2281 et
593 2227 616 2296 j.
637 2226 789 2296 quarterii.

477 2308 625 2365 Salarium
643 2315 826 2382 argenteum,
847 2327 914 2366 cum
933 2309 1123 2382 coopertorio,
1143 2309 1280 2380 ponderis
1297 2308 1360 2380 xiij.
1372 2308 1527 2365 unciarum

547 2398 577 2449 et
595 2393 731 2448 dimidiae.

476 2475 590 2532 Salaria
608 2477 667 2532 alia
684 2476 751 2542 duo,
771 2476 908 2548 ponderis
932 2477 970 2532 ix.
989 2475 1153 2532 unciarum.

476 2558 627 2616 Coclearia
651 2559 709 2616 duo
733 2565 874 2631 argentea
891 2566 922 2618 et
939 2560 1088 2627 deamata,
1108 2558 1244 2632 ponderis
1268 2559 1301 2630 ij.
1324 2558 1478 2616 unciarum
1497 2564 1527 2616 et

550 2643 590 2716 vj.
610 2643 807 2700 denariorum.

475 2727 625 2785 Coclearia
642 2728 701 2784 alia
718 2734 858 2800 argentea
875 2729 973 2802 xxxij„
993 2729 1130 2802 ponderis
1145 2729 1169 2802 j.
1187 2729 1281 2796 librae,
1292 2728 1343 2802 vij.
1362 2727 1526 2784 unciarum.

475 2811 605 2870 Cathena
634 2817 774 2884 argentee
802 2811 895 2884 sigilli
925 2813 1047 2880 abbatis,
1080 2829 1147 2870 oum
1176 2811 1311 2879 lokettea,
1339 2811 1475 2884 ponderis
1494 2811 1526 2884 ij.

547 2895 701 2952 unciarum
720 2901 749 2950 et
763 2895 787 2968 j.
807 2896 959 2968 quartarii.

619 2979 749 3044 Summa,
769 2979 838 3050 xxij.
856 2979 940 3036 librae
959 2985 989 3036 et
1004 2979 1027 3052 j.
1045 2979 1142 3048 uncia,
1161 2979 1201 3051 vj.
1221 2977 1342 3035 denarii.

619 3061 741 3119 Summa
770 3061 878 3130 totalis,
897 3062 986 3134 xxxij.
1011 3063 1104 3132 libra,
1131 3082 1159 3120 x.
1188 3061 1283 3120 uncia
1301 3067 1332 3118 et
1348 3061 1477 3128 dimidie,
1498 3067 1529 3118 et

687 3145 728 3216 vj.
748 3144 870 3201 denarii.

475 3227 541 3283 Una
557 3244 628 3286 vero
644 3227 721 3284 libra
739 3229 775 3286 de
793 3231 887 3302 Troys
905 3229 1046 3300 ponderat
1063 3230 1170 3302 xxxvij.
1189 3228 1299 3286 solidos
1318 3227 1372 3300 iiij.
1391 3227 1526 3284 denarios

545 3311 659 3368 usualis
683 3317 816 3368 moneta.
860 3313 945 3368 Unde
964 3330 1079 3368 summa
1096 3313 1194 3370 totalis
1218 3311 1397 3386 praecripta,
1417 3329 1469 3384 per
1493 3311 1528 3366 li·

544 3395 638 3460 bram,
649 3396 821 3466 praedictam
833 3401 864 3452 et
880 3396 1034 3468 pecuniam
1046 3397 1189 3464 usualem,
1203 3396 1243 3452 lx.
1253 3395 1346 3462 librae,
1360 3395 1419 3466 xvj.
1432 3394 1526 3458 solidi,

546 3479 585 3550 xj.
604 3477 728 3534 denarii.

567 3645 636 3702 Alio
653 3650 762 3722 roperto
779 3647 813 3703 iat
830 3665 941 3704 curura
958 3649 1066 3706 obtatis
1084 3653 1110 3706 ot
1127 3649 1161 3711 tn
1178 3649 1263 3722 oficio
1281 3648 1441 3706 camut.

475 3769 586 3910 Murra?
604 3771 671 3910 dua}
689 3773 846 3831 furruratae
871 3793 940 3831 cum
967 3782 1099 3848 argento,
1131 3795 1199 3833 cum
1223 3777 1347 3849 pedibus
1377 3775 1527 3849 argenteis

602 3872 651 3911 aas
673 3873 727 3911 cm.

475 3935 562 4007 inhi
580 3938 631 3993 alii
649 3939 707 3994 duo
725 3939 797 3997 dicti
815 3941 934 4008 Noites,
949 3961 1017 3999 cum
1034 3943 1183 4016 ligaturis,
1198 3943 1378 4016 cooperturis
1397 3949 1428 4000 et
1444 3943 1526 4015 pedi-

545 4020 610 4086 bus,
631 4025 778 4094 argenteis
797 4033 828 4080 et
845 4027 1002 4083 deauratis.

474 4101 563 4173 Giphi
580 4106 692 4160 murrei
710 4109 851 4180 quinque,
871 4127 938 4165 cum
956 4111 1094 4181 ligaturis
1119 4111 1266 4183 argenteis
1285 4115 1316 4166 et
1332 4109 1490 4166 deauratis.

473 4185 580 4240 Archa
597 4205 711 4260 magnae
730 4191 805 4256 dua,
827 4197 857 4247 et
874 4210 934 4254 uua
951 4194 1056 4260 minor,
1077 4201 1107 4250 et
1124 4195 1207 4250 cistas
1225 4193 1300 4250 dua.

473 4267 589 4341 Mappae
606 4288 675 4326 oum
693 4272 769 4329 listis
788 4275 841 4346 iij„
869 4281 900 4331 et
924 4277 1068 4348 mappulae
1086 4277 1182 4348 longae
1200 4295 1270 4332 cum
1285 4277 1362 4333 listis
1381 4277 1436 4349 iiij.
1486 4276 1528 4333 Et

544 4353 581 4408 de
600 4371 724 4413 convoca
741 4375 795 4430 pro
813 4359 927 4432 mappis
946 4365 977 4415 et
992 4359 1226 4420 linthiaminibus
1245 4378 1309 4418 cxx.
1327 4361 1400 4416 ulni.

754 4591 757 4598 ,
826 4532 866 4586 Iu·
884 4533 1052 4590 usticam
1071 4532 1190 4590 abbatia.

507 4649 655 4710 Gauraces
673 4655 706 4727 ij.
746 4656 928 4730 Fedyrbedd,
965 4660 1067 4718 Mattae
1091 4662 1135 4734 iij.
1183 4657 1338 4731 Lauugels
1357 4657 1416 4713 duo
1433 4655 1526 4730 paria.

471 4732 602 4806 Smayles
624 4737 648 4808 j.
674 4755 736 4809 par.
785 4741 993 4812 Lynthiamina
1019 4763 1048 4802 v.
1066 4746 1168 4817 paria;
1194 4745 1231 4799 de
1251 4743 1358 4814 quibus
1374 4741 1398 4812 j.
1415 4757 1469 4813 par
1487 4741 1526 4794 de

469 4833 564 4888 panno
594 4820 631 4875 do
661 4820 787 4893 Reyues.
825 4825 1047 4899 coopertorium
1077 4846 1169 4886 unum
1198 4827 1299 4883 album
1329 4843 1397 4882 oum
1426 4827 1527 4896 tapeto
