3538 5860
448 835 513 908 278
590 857 792 908 mauranus
813 857 1007 908 amacura
1028 856 1135 906 sanas
1156 855 1351 910 vrcrsmns

283 1031 348 1084 AD·
363 1039 435 1088 ¹³⁹⁹·
448 1032 632 1099 Edwardus
668 1039 743 1121 post
776 1037 1001 1120 mnquaestum
1033 1035 1154 1100 tertius
1186 1033 1422 1100 monasterium
1454 1031 1495 1096 de

280 1113 414 1230 Q,
448 1137 572 1202 amaa
589 1137 690 1222 juxa
712 1137 842 1202 nasim
858 1136 1132 1216 condonianam,
1154 1137 1260 1203 noan
1282 1137 1409 1202 ordinis
1425 1137 1496 1203 css-

281 1247 414 1296 hisremc
447 1239 624 1316 ardenas,
646 1261 668 1304 a
687 1239 913 1304 fundamentis
944 1262 1116 1318 renovans,
1139 1240 1211 1306 Deo
1234 1245 1269 1305 et
1303 1241 1373 1326 ejus
1395 1241 1494 1304 matri

280 1313 423 1444 {2¹}ssss
447 1341 597 1428 gloriosas
633 1341 735 1428 ipsius
772 1342 912 1427 virginis
948 1342 985 1406 in
1021 1343 1145 1407 honore
1188 1343 1309 1408 statuit
1344 1343 1495 1408 dedicari

281 1445 310 1495 or
317 1446 352 1496 St·
362 1447 435 1510 ΜΨ
448 1443 528 1510 Post
549 1443 642 1529 cujus
656 1465 735 1510 vero
757 1445 947 1509 monasterii
964 1444 1242 1511 inhabitationem
1263 1446 1389 1532 primns
1402 1451 1495 1532 pater

281 1513 426 1564 recma
447 1547 499 1612 sui
532 1546 595 1610 filii
627 1547 807 1634 praedilecti
837 1547 973 1633 cupiens
1002 1547 1215 1634 praesentiam
1245 1551 1355 1634 presto
1388 1547 1494 1612 indies

447 1649 580 1728 intueri,
602 1647 805 1716 excellentias
827 1647 930 1737 regali
952 1649 1136 1716 humillime
1158 1649 1364 1738 supplicabat
1382 1655 1493 1736 quate·

447 1773 511 1817 uus
534 1752 727 1840 dignaretur
755 1751 931 1839 praefatum
964 1751 1136 1818 dominum
1165 1751 1367 1818 Willelmnm
1397 1753 1494 1818 Wen·

448 1855 558 1932 dover,
587 1855 692 1920 aedri
720 1855 912 1920 monasterii
945 1855 1142 1920 monachum
1174 1860 1208 1920 et
1238 1854 1426 1941 professum,
1452 1855 1493 1918 ad

448 1957 574 2023 dictum
596 1957 832 2024 monasterium
855 1958 896 2023 de
913 1957 1038 2024 Gratiis
1061 1979 1129 2022 snae
1151 1957 1357 2022 fundationis
1382 1958 1493 2045 primi·

447 2061 555 2126 tivum
573 2057 698 2126 facere¹
720 2065 802 2126 tunc
815 2058 1008 2126 transferri.¹
1046 2059 1150 2146 Cujus
1164 2081 1243 2126 vero
1257 2061 1494 2147 supplicationi,

446 2183 520 2228 cum
542 2167 628 2228 esset
649 2163 730 2229 civis
746 2163 992 2240 Londoniensis,
1006 2161 1184 2228 honoratus
1206 2185 1265 2228 rex
1287 2164 1355 2250 ipse
1381 2185 1492 2228 aurem

447 2265 604 2330 exbibens
636 2265 838 2342 inclinatam,
870 2266 984 2330 abbati
1007 2265 1201 2330 monasterii
1233 2267 1342 2330 nostri
1366 2266 1493 2330 litteras

447 2389 522 2432 suas
559 2367 600 2431 dc
637 2367 769 2452 privato
802 2367 909 2454 sigillo
943 2367 1137 2446 transmisit,
1175 2368 1383 2433 affectuosius
1419 2391 1493 2434 con·

446 2470 591 2535 tinentes
606 2474 654 2547 ut,
670 2469 750 2556 ipsis
772 2469 894 2535 litteris
908 2469 1073 2558 regalibus
1089 2469 1135 2535 sic
1152 2471 1311 2558 perlectis,
1326 2471 1492 2558 praescrip-

446 2575 519 2638 tum
541 2571 712 2638 dominum
733 2571 935 2638 Willelmum
958 2573 1153 2652 Wendover,
1168 2595 1189 2638 a
1211 2575 1408 2662 professione
1430 2575 1492 2639 sibi

445 2671 538 2760 prius
569 2671 656 2740 aaa
685 2674 857 2740 dimittens
889 2675 1024 2762 penitu's
1061 2675 1258 2755 absolutum,
1289 2677 1332 2741 ad
1347 2691 1354 2707 ·
1369 2677 1492 2742 dictum

446 2775 681 2842 monasterium
727 2775 768 2842 de
814 2775 940 2844 Gratiis
972 2777 1217 2844 transmitteret
1261 2779 1490 2864 profitendum.

279 2876 425 2995 mg&
446 2876 547 2944 Unde
578 2877 684 2946 dictus
715 2879 869 2946 dominus
892 2877 1077 2946 Willelmus
1100 2879 1297 2960 Wendover,
1320 2881 1491 2968 adipsum

279 3012 388 3074 primos
446 2983 681 3048 monasterium
704 2981 745 3048 de
769 2982 893 3050 Gratiis
916 2981 962 3048 sic
993 2982 1183 3064 translatus,
1206 2981 1348 3050 officium
1377 2983 1492 3070 prioris

278 3078 333 3128 ¹¹¹¹
347 3094 400 3128 ¹¹¹¹*
446 3082 482 3149 in
503 3083 593 3151 dicto
613 3085 812 3150 monasterio
834 3083 995 3172 usquead
1017 3087 1145 3151 obitum
1168 3090 1342 3172 parentum
1362 3107 1493 3152 suorum

279 3155 390 3275 ffirg'
445 3187 582 3274 proinde
604 3187 809 3274 gubernavit.
856 3187 921 3254 Sed
954 3187 1034 3274 ipsis
1059 3187 1252 3274 parentibus
1283 3189 1349 3254 suis
1379 3190 1493 3254 mortis

278 3292 389 3341 death&
394 3290 432 3340 ἤϊε
444 3289 572 3377 legibus
603 3291 755 3372 ariolatio,
778 3291 821 3356 ad
856 3289 1091 3356 monasterium
1123 3295 1273 3356 nostrum
1306 3291 1490 3379 pristinum,

278 3358 420 3474 mutii?
444 3391 573 3478 praelati
595 3391 647 3458 sui
664 3391 798 3458 licentia
819 3393 994 3475 mediante,
1011 3398 1087 3480 post
1108 3393 1154 3480 xj.
1169 3415 1274 3460 annos
1295 3400 1331 3459 et
1353 3394 1492 3480 amplius

279 3491 403 3606 {impe
444 3493 637 3581 egressionis
660 3515 737 3572 suae,
752 3495 940 3560 desiderans
963 3495 1131 3573 remeavit,
1154 3517 1192 3561 ac
1214 3497 1331 3584 prioris
1351 3497 1490 3561 officium

276 3623 382 3672 amado
444 3619 481 3660 111
503 3601 616 3662 nostro
645 3597 843 3662 monasterio
876 3619 934 3684 per
956 3603 1086 3685 tempus
1118 3598 1325 3684 aliquantum
1352 3601 1388 3664 in
1410 3612 1492 3664 tem-

278 3689 354 3754 prior.
445 3697 579 3784 poribus
601 3697 761 3764 abbatum
783 3698 1011 3766 willelmi-18
1034 3705 1069 3766 ot
1091 3699 1226 3768 Thomae
1250 3705 1291 3768 19
1315 3701 1491 3790 benignius

276 3801 657 3868 merwaasministravit.
704 3802 759 3880 Et,
781 3807 857 3890 post
887 3803 1155 3870 exonerationem
1177 3805 1220 3870 ab
1250 3803 1354 3870 officio
1374 3807 1492 3892 ‘prioris

277 3873 411 3938 appointed

277 3948 366 4006 ponar,
445 3904 623 3970 monachus
645 3903 688 3969 ad
709 3911 823 3994 portas
843 3906 1052 3988 constitutus,
1068 3907 1112 3972 ad
1134 3907 1343 3972 abbatictum
1364 3930 1492 3974 monas-

277 4019 401 4070 Harant
407 4019 438 4070 of
445 4005 522 4072 terii
537 4005 640 4071 nostri
662 4009 782 4074 meruit
797 4009 989 4095 promoveri.
1036 4007 1102 4074 Sed
1124 4009 1202 4096 ipse,
1218 4009 1323 4096 magis
1337 4017 1492 4098 expertus

276 4101 431 4218 ffiffi
443 4106 479 4172 in
502 4107 730 4174 claustralibus
753 4132 853 4196 quam
867 4111 1113 4197 temporalibus,
1129 4111 1217 4176 unde
1231 4110 1391 4199 proferret
1406 4135 1493 4178 nova

277 4221 368 4270 affairs.
443 4215 477 4275 et
498 4215 611 4276 vetera
632 4211 768 4278 minime
791 4213 996 4298 praevidebat
1007 4239 1015 4294 ;
1038 4212 1124 4278 sicut
1138 4211 1174 4278 in
1198 4211 1267 4298 ejus
1282 4215 1491 4300 sequentibus

276 4301 421 4418 ῐῗξθοὶῗθῑ
443 4313 571 4400 plenius
593 4312 754 4380 revelabo.
798 4313 885 4379 Nam
915 4315 976 4380 sub
999 4316 1070 4401 ipso
1092 4313 1225 4402 plures,³
1255 4317 1421 4402 propriam
1444 4339 1492 4382 se-

276 4443 413 4550 venprmlrled
443 4423 580 4503 quantes
608 4417 814 4482 voluntatem
853 4440 913 4483 nec
943 4417 1133 4506 reipublicae
1163 4419 1269 4484 nostri
1299 4419 1490 4485 monasterii

277 4517 323 4550 con
349 4517 364 4550 0
414 4539 420 4550 .
602 4509 607 4518 '

477 4715 484 4748 ¹
494 4717 598 4781 facere]
623 4717 752 4768 corrected
774 4718 838 4766 from
861 4725 940 4766 uana
1024 4715 1199 4782 ¹transferri]
1218 4715 1412 4778 amalraus.

443 4795 515 4854 fene,
525 4793 581 4846 MS.
1024 4794 1035 4826 ³
1041 4795 1140 4863 plures]
1153 4796 1248 4847 altered
1255 4795 1321 4846 hm
1333 4809 1429 4858 omnes,
1437 4795 1488 4848 ΜΒ
