3578 5874
426 881 490 944 230
604 887 1112 940 w11nsnnusassssocrsvus
1135 889 1296 938 neamus.

259 1079 327 1129 AJ).
342 1083 405 1131 lars
427 1071 544 1131 vocato
568 1071 742 1140 conventu,
766 1063 947 1148 capitulum
978 1063 1142 1142 introivit,
1167 1065 1369 1126 conventum
1395 1059 1474 1124 allo-

259 1152 394 1276 ἔξω
427 1169 550 1254 quitur,
583 1169 693 1253 eisque
731 1165 936 1252 propositum
973 1165 1104 1229 abbatis
1141 1165 1310 1241 intimans,
1342 1163 1476 1248 ejusque

258 1307 376 1358 proposes
427 1271 602 1338 cessionem
638 1291 680 1335 ex
714 1267 829 1332 multis
861 1267 966 1331 causis
1000 1267 1118 1332 utilem
1153 1266 1221 1332 fore
1247 1265 1474 1352 pronuntians,

256 1359 361 1491 ³⁰⁸¹&er
427 1375 629 1460 singulorum
669 1392 860 1436 consensum
900 1370 942 1434 ad
981 1370 1050 1456 ejus
1089 1371 1266 1434 cessionem
1299 1367 1472 1454 flagitavit.

257 1505 414 1567 rhenones,
428 1477 557 1556 Quibus
580 1476 675 1540 novis
707 1473 828 1538 subitis
862 1478 1045 1537 conventus
1069 1473 1231 1538 attonitus
1254 1470 1474 1546 vehementer,

261 1575 402 1689 θῖθηίζῗᾱν
427 1581 533 1666 primo
568 1576 755 1642 dissuadere
794 1575 978 1640 deliberans
1013 1577 1147 1640 demum
1178 1576 1278 1640 unius
1308 1573 1475 1638 voluntati

257 1655 390 1758 {iliensis
427 1689 461 1747 et
495 1681 631 1746 alte1ius
664 1679 881 1764 requisitioni,
906 1699 974 1763 prae
997 1678 1115 1744 timore
1138 1679 1255 1743 saltem
1278 1677 1360 1742 dicti
1383 1675 1474 1740 ducis

258 1787 391 1866 medune
429 1785 500 1870 ejus
521 1784 659 1849 cessioni
676 1784 782 1847 invite
799 1786 1040 1846 consenserunt.
1080 1781 1190 1861 Quare
1213 1780 1301 1845 idem
1325 1780 1395 1844 dux
1417 1797 1475 1865 per

257 1855 403 1972 ssffioifh‘
427 1909 502 1952 suas
535 1887 666 1952 litteras
689 1885 844 1949 continuo
868 1883 1038 1948 dominum
1061 1883 1216 1948 abbatem
1239 1885 1279 1947 de
1302 1881 1475 1961 Fontibus,

260 1988 400 2039 F⁰¹¹¹¹l²l¹¹⁸
426 1997 552 2078 patrem
575 1989 738 2066 abbatem,
756 1993 789 2052 et
805 1987 1033 2052 immediatum
1056 1987 1262 2052 visitatorem
1285 1985 1475 2050 monasterii

258 2063 390 2188 3:531?
426 2093 541 2169 nostri,
566 2093 732 2155 instanter
763 2090 947 2174 requisivit,
971 2091 1126 2174 quatinus
1156 2087 1245 2174 quod
1268 2089 1311 2153 ad
1332 2087 1473 2152 officium

259 2189 353 2240 uanos.
425 2217 521 2260 suum
555 2194 719 2280 pertinuit
752 2193 836 2256 circa
859 2191 1036 2256 cessionem
1060 2193 1141 2258 dicti
1164 2192 1323 2257 Willelmi
1346 2192 1475 2256 abbatis

425 2297 670 2362 admittendam
710 2298 744 2357 et
782 2295 861 2358 novi
900 2293 1030 2358 abbatis
1068 2295 1258 2359 electionem
1293 2293 1474 2358 faciendam

427 2419 527 2485 quam
561 2397 660 2461 citius
683 2402 793 2482 posset
823 2397 1012 2481 impendere
1036 2403 1186 2476 curaret3
1208 2418 1245 2462 eo
1268 2395 1473 2483 praesertim¹

426 2501 515 2586 quod
549 2500 593 2564 ad
625 2499 756 2563 laudem
790 2498 853 2562 Dei
886 2503 920 2562 et
953 2499 1136 2563 utilitatem
1170 2499 1250 2564 dieti
1284 2497 1475 2564 monasterii

426 2602 533 2668 nostri
556 2601 649 2680 foret,
674 2606 808 2686 propter
841 2601 985 2687 pericula
1015 2603 1108 2666 varia
1142 2603 1327 2688 damnaque
1360 2610 1395 2666 et
1427 2603 1476 2666 in·

427 2705 599 2771 commoda
637 2704 743 2768 eidem
777 2704 976 2768 monasterio
1010 2709 1123 2769 nostro
1145 2702 1348 2768 multifarie²
1369 2705 1476 2768 immi-

427 2809 551 2884 nentia,
574 2829 649 2892 quae
683 2828 724 2870 ex
757 2805 915 2869 dilatione
947 2805 1044 2870 officii
1078 2809 1129 2870 sui
1163 2812 1197 2871 et
1223 2807 1326 2892 ipsius
1349 2807 1475 2892 negotii

428 2910 662 2998 prorogatione
685 2907 772 2972 infra
801 2908 902 2972 breve
932 2911 1124 2996 contingere
1150 2916 1231 2974 tunc
1254 2909 1476 2974 verisimiliter

426 3013 635 3090 formidabat,
659 3017 693 3076 et
728 3034 801 3097 quse
836 3031 904 3076 suae
936 3011 1070 3076 desidiae
1105 3011 1193 3078 idem
1228 3011 1297 3076 dux
1327 3011 1476 3078 totaliter

426 3117 622 3181 intendebat
655 3114 823 3193 ascribere,
848 3115 876 3178 si
909 3112 1101 3200 negligens3
1123 3119 1183 3179 aut
1204 3115 1358 3180 remissus
1389 3115 1475 3179 idem

258 3237 383 3287 Theron·
426 3220 584 3284 visitator
603 3217 692 3282 foret
725 3218 762 3280 in
789 3217 850 3280 hac
882 3221 984 3302 parte.
1030 3217 1110 3282 Post
1133 3215 1226 3302 cujus
1248 3221 1362 3281 tamen
1385 3217 1476 3282 ducis

259 3304 403 3420 {effif‘m
427 3343 599 3399 recessum,
614 3324 795 3384 conventus
817 3323 937 3398 noster,
954 3341 1087 3405 sperans
1110 3341 1151 3383 ex
1174 3320 1246 3405 ipsa
1260 3319 1476 3385 collocutione

259 3386 344 3487 nturi
428 3429 462 3488 et
485 3425 571 3488 forte
594 3421 771 3486 collusione
803 3421 839 3484 in
873 3422 981 3507 ipsum
1007 3423 1122 3486 ducem
1145 3427 1180 3486 et
1202 3421 1328 3486 dictum
1351 3421 1476 3486 Willel-

258 3504 402 3634 fissffifffig
428 3548 519 3589 mum
543 3523 698 3588 abbatem
720 3522 814 3598 sacta,
839 3527 873 3587 et
895 3545 954 3588 suo
987 3525 1111 3608 pariter
1134 3545 1295 3590 consensu
1317 3524 1476 3602 adhibito,

258 3637 399 3718 duketap-
427 3649 529 3714 grave
567 3647 660 3711 posse
695 3625 881 3690 infuturum
924 3627 1155 3711 praejudicium
1193 3628 1351 3714 generari,
1391 3626 1476 3692 sicut

257 3705 375 3822 ffissssn
428 3729 550 3817 partim
573 3732 688 3814 postea
718 3733 866 3814 tempore
889 3728 1023 3794 Thomae
1046 3730 1176 3794 abbatis
1198 3729 1383 3794 immediati
1406 3749 1476 3794 sue-

260 3839 355 3889 visitor.
428 3831 564 3900 cessoris
589 3831 640 3895 sui
662 3830 826 3917 apparuit,
851 3852 888 3895 eo
918 3833 1083 3918 praecipue
1106 3833 1191 3896 sicut
1213 3831 1301 3896 idem
1324 3831 1476 3898 dominus

428 3936 498 3999 dux
533 3933 726 3998 monasterii
759 3933 866 3998 nostri
890 3933 1045 3998 fundator
1067 3939 1101 3997 et
1124 3939 1284 4018 patronus
1307 3935 1475 3999 consensui

427 4035 582 4101 cessionis
605 4034 738 4098 abbatis
761 4056 794 4098 se
817 4034 939 4103 fecerat
961 4035 1118 4099 interesse
1142 4041 1176 4099 et
1199 4057 1258 4121 pro
1281 4057 1369 4100 nova
1395 4036 1476 4100 elec·

427 4139 518 4204 tione
541 4137 708 4200 visitatori
738 4141 852 4201 nostro
868 4137 995 4225 litteras
1018 4137 1209 4216 destinavit,
1232 4137 1277 4201 sic
1299 4137 1476 4204 verisimile

426 4241 513 4306 foret
544 4240 633 4324 quod
665 4239 870 4324 inposterum
903 4259 1009 4324 neque
1041 4239 1180 4324 alicujus
1212 4239 1343 4304 abbatis
1375 4241 1476 4305 cessio

426 4346 486 4406 aut
509 4341 670 4427 depositio
693 4362 799 4424 neque
823 4341 958 4404 alterius
980 4341 1111 4406 abbatis
1134 4343 1251 4408 electio
1273 4348 1333 4407 aut
1355 4344 1476 4408 creatio

426 4446 548 4531 absque
583 4445 653 4530 ejus
687 4463 857 4520 consensu,
880 4445 950 4508 sive
984 4443 1143 4509 heredum
1173 4449 1233 4508 aut
1257 4467 1476 4510 successorum

426 4571 559 4614 suorum
590 4548 627 4611 in
659 4546 805 4612 dominio
839 4547 879 4610 de
913 4547 1144 4627 Holdernesse,
1172 4547 1244 4612 fieri
1278 4553 1387 4633 posset
1418 4569 1476 4612 seu

528 4689 572 4695 -—.
587 4689 655 4696 -—--
696 4689 701 4694 .
729 4687 826 4694 —--..-
844 4687 866 4692 ⁴-
885 4687 907 4692 -.
992 4689 1000 4694 .
1039 4689 1043 4692 -
1058 4689 1065 4694 -
1077 4689 1098 4693 „—
1113 4689 1124 4694 -
1163 4688 1247 4694 --.---
1269 4687 1470 4694 -—-.--.-.-..—....

458 4756 465 4788 ¹
483 4773 509 4806 ao
516 4757 665 4822 prasertim]
683 4757 800 4820 repeated
811 4755 837 4804 in
850 4755 906 4806 MS.
1002 4755 1012 4786 ³
1029 4755 1166 4823 neyliyeas]
1181 4756 1333 4821 necgligens,
1345 4756 1372 4806 in
1383 4756 1440 4808 Me.

458 4833 468 4866 ²
485 4833 637 4900 multifaric]
658 4835 835 4898 multiphariis,
846 4835 900 4884 MS.
