3578 5874
460 866 661 918 wimannus
681 865 792 918 Annis
814 864 968 918 OCTAVUS
990 865 1150 918 DECIMUS.
1265 855 1324 920 191

282 1036 386 1124 igitur
423 1039 466 1104 ad
504 1045 614 1126 partes
652 1043 830 1107 monachus
869 1041 1046 1127 praedictus
1085 1043 1119 1105 et
1157 1035 1408 1122 origine-liano.
1424 1049 1485 1098 reia

282 1141 440 1226 praedicte
470 1165 579 1210 seeum
612 1143 655 1212 ad
686 1146 810 1210 aunam
833 1145 990 1222 deferens,
1012 1143 1085 1230 ipsa
1108 1141 1197 1206 dieto
1220 1119 1484 1256 minu-Tffigl

283 1244 348 1310 tori
370 1246 597 1332 praesentabat.
654 1247 736 1330 Quis
766 1269 840 1312 eum
874 1268 1001 1312 summo
1023 1243 1173 1332 pontifici
1195 1241 1382 1327 inspici-nii
1396 1259 1495 1308 charior
1530 1303 1532 1306 .

283 1345 368 1410 enda
400 1347 581 1429 obtulisset,
616 1348 705 1414 idern
739 1349 890 1414 dominus
928 1370 1013 1434 papa
1047 1369 1153 1412 ceram
1186 1342 1327 1414 viridem
1339 1324 1483 1456 ffigssig.

283 1468 380 1532 super
401 1448 462 1514 hoo
483 1451 623 1515 verbum
646 1459 662 1485 “
679 1450 857 1531 Franoiae,”
879 1451 915 1514 in
938 1451 1069 1537 signum
1092 1445 1407 1536 suppressionislanu

283 1549 429 1635 ejusdem
460 1551 623 1630 diationis,
654 1553 690 1617 in
724 1553 821 1619 dietis
856 1552 1072 1639 originalibus
1102 1571 1160 1638 per
1193 1570 1327 1613 manum
1340 1537 1471 1667 {lilim

283 1651 446 1738 propriam
470 1654 721 1741 superponebat,
745 1660 780 1721 et
802 1655 847 1720 sio
870 1677 909 1720 ea
930 1655 1020 1719 dioto
1042 1652 1210 1731 minutori,
1232 1673 1328 1738 prop·
1341 1685 1417 1734 green
1428 1684 1486 1722 vax

283 1759 335 1818 ter
355 1753 567 1820 insertionem
590 1757 767 1822 eorundem
791 1756 832 1821 de
853 1757 954 1822 verbo
977 1756 1020 1820 ad
1041 1755 1179 1821 verbum
1200 1755 1237 1818 in
1259 1753 1330 1818 bul·
1342 1736 1456 1854 affine

283 1855 332 1920 las
353 1856 433 1922 inde
455 1858 679 1938 conficiendas,
703 1859 956 1940 commendavit,
971 1859 1180 1945 ipsarumque
1203 1855 1468 1927 ecclesi-Francia.

283 1979 375 2022 arum
399 1961 679 2048 appropriationes
693 1983 751 2048 per
766 1962 871 2028 dietas
895 1962 1023 2026 litteras
1039 1983 1114 2026 suas
1136 1959 1329 2047 apostolicas
1341 1936 1478 2066 ξζζῗξέοἲ

284 2082 326 2125 ex
363 2066 453 2127 oerta
489 2063 627 2130 seientia
658 2065 825 2130 ratificans
860 2069 894 2130 et
925 2064 1142 2142 confirmans3
1173 2062 1328 2150 supplens
1340 2067 1461 2132 pressior.

284 2163 385 2230 etiam
407 2187 537 2231 omnem
560 2166 732 2246 defectum,
756 2168 784 2232 si
807 2166 881 2253 quis
903 2167 1013 2232 forsan
1046 2167 1271 2232 intervenerat
1293 2164 1329 2227 in

285 2265 425 2348 eisdem3
462 2289 536 2353 quae
574 2269 685 2356 omnia
717 2270 776 2334 vix
810 2273 869 2334 aut
900 2291 975 2335 raro
1009 2290 1111 2354 usque
1146 2272 1226 2334 tuno
1259 2267 1330 2330 visa

285 2372 379 2434 erant
400 2369 499 2434 simul
522 2371 558 2434 in
581 2393 648 2436 una
670 2371 762 2436 bulla
784 2375 939 2438 conserta.
986 2371 1103 2436 Dictus
1117 2391 1194 2458 ergo
1216 2391 1329 2434 mona·
1344 2377 1465 2428 officeof

285 2471 371 2549 ⁰1¹³&
406 2471 513 2537 bullas
548 2477 680 2559 optatas
717 2495 791 2538 cum
829 2473 1046 2561 originalibus
1082 2471 1251 2560 pierias
1288 2446 1462 2536 aeliustral

1343 2527 1411 2575 prior
1422 2527 1481 2562 con-

286 2575 522 2640 monasterium
554 2575 705 2654 referens,
740 2575 961 2664 provisionem
993 2576 1160 2662 quandam
1194 2575 1237 2640 ab
1260 2573 1331 2660 ipso
1343 2579 1480 2694 {impp

286 2677 447 2742 cardinali
485 2677 637 2744 Gisteroii
674 2701 772 2766 super
816 2679 920 2745 offioio
965 2684 1122 2765 perpetuo
1167 2677 1331 2765 prioratus
1343 2711 1385 2760 nal
1397 2726 1430 2759 on
1442 2713 1485 2762 the

287 2778 470 2844 claustralis
492 2781 684 2847 monasterii
706 2781 839 2868 aceepit,
871 2787 906 2846 et
935 2781 1043 2868 ipsum
1066 2780 1206 2846 officium
1230 2779 1332 2866 ipsius
1344 2777 1421 2827 ¹1¹⁰1¹k
1433 2780 1490 2828 who

286 2881 481 2967 provisionis
515 2883 628 2970 vigore
661 2883 840 2948 obtinebat
887 2882 987 2948 Unde
1022 2882 1238 2948 dissensiones
1259 2881 1331 2966 plu·
1344 2847 1490 2960 diffide

286 2983 377 3050 rimoe
409 2985 446 3048 in
480 2987 680 3050 monasterio
713 2984 849 3050 fuerunt
872 2985 1061 3066 seminatae;
1085 2984 1135 3048 ita
1156 2987 1196 3046 ut
1219 3003 1330 3046 mona·
1343 2975 1472 3093 pauoris

287 3085 367 3151 ohus
388 3087 466 3173 ipse,
490 3087 581 3174 prius
615 3087 741 3152 dietum
773 3084 915 3150 officium
949 3091 1064 3172 postea
1095 3085 1330 3149 monasterium
1343 3050 1487 3176 „digesti

287 3187 446 3270 deserens,
474 3189 564 3275 apud
595 3188 832 3254 monasterium
864 3187 905 3252 de
939 3187 1101 3279 ¹Fontibus
1123 3185 1331 3273 professionis
1344 3179 1467 3244 resignii

287 3313 383 3356 novae
419 3293 641 3357 mutationem
678 3291 852 3378 praeelegit
911 3289 1078 3357 Continuo
1115 3288 1216 3354 etiam
1247 3293 1331 3376 post,
1344 3303 1500 3382 Royalteon-

287 3392 376 3457 idem
412 3392 512 3459 abbas
550 3394 743 3480 impetravit
780 3415 801 3458 a
844 3413 921 3478 rege
959 3391 1123 3457 Edwardo
1149 3391 1258 3470 tertie,
1298 3395 1331 3457 et
1344 3371 1492 3488 {ffifflffl

290 3494 408 3560 deinde
439 3518 460 3561 a
490 3517 566 3582 rege
601 3494 743 3560 Ricardo
765 3494 916 3572 seeundo,
943 3493 1204 3560 confirmationes
1226 3494 1331 3582 regias
1493 3475 1499 3488 ⁸

288 3619 384 3683 super
405 3597 558 3663 omnibus
580 3597 790 3663 libertatibus
812 3597 935 3663 nostris
965 3619 1024 3684 per
1047 3619 1160 3663 eorum
1181 3597 1332 3683 progeni-

289 3704 375 3765 tores
397 3699 489 3785 prius
511 3701 708 3766 monasterio
730 3704 844 3765 nostro
868 3701 1032 3778 concessis,
1056 3721 1136 3777 oum,
1161 3703 1240 3764 ante
1264 3698 1333 3786 ejus

288 3807 445 3889 tempora,
468 3802 656 3888 hujusmodi
678 3801 942 3868 confirmationes
975 3801 1162 3868 nullatenus
1193 3801 1333 3867 fuissent

289 3904 465 3990 aequisita.

289 4147 304 4172 ‘¹
322 4144 368 4193 oia
377 4144 392 4170 '’
410 4158 494 4193 seram
504 4141 611 4194 viridem
623 4159 668 4209 per
688 4159 789 4194 manum
834 4141 1252 4205 missis,eteumillisverbis“ex
1264 4147 1332 4193 certa

290 4237 359 4286 papa
370 4221 559 4287 superpositam,
570 4223 598 4274 ia
615 4223 715 4288 signum
732 4238 790 4286 sup·
834 4227 850 4251 “
867 4221 974 4274 seientia
991 4229 1077 4272 tenore
1095 4221 1253 4286 presentium
1272 4237 1332 4272 oon·

289 4301 425 4366 pressioris
441 4302 552 4365 ejusdem
568 4301 693 4352 dictionis.
727 4303 790 4352 Pro-
834 4303 851 4330 “
867 4300 1021 4361 lirmamus,”
1055 4316 1085 4351 so
1113 4315 1171 4351 oum
1197 4300 1333 4351 insertione

290 4379 347 4431 tulit
362 4379 440 4432 eriam
454 4381 537 4431 bullis
553 4382 584 4431 de
601 4380 790 4432 confirmatione
834 4379 1023 4431 totiustenoris.
1052 4379 1267 4443 Quaeomnlsvix
1278 4379 1334 4428 visa

290 4457 409 4523 praediota
430 4459 568 4511 laudabiles
590 4475 647 4511 oum
663 4459 707 4509 illa
723 4459 790 4510 clau·
835 4467 907 4510 erant
923 4459 1042 4512 haetenus
1059 4459 1134 4511 sinim
1152 4459 1179 4508 in
1196 4473 1246 4508 una
1265 4457 1334 4506 bulla

290 4539 352 4598 sula,
376 4539 519 4604 supplentes
536 4553 634 4590 omnem
657 4537 790 4598 dolentum,
835 4546 958 4602 ueniens,
968 4539 997 4590 P.

290 4618 378 4684 siquis
394 4619 478 4671 forsan
498 4619 661 4672 intervenerit
682 4617 708 4669 in
728 4633 791 4683 prie-
