3610 5890
446 880 489 942 32
677 891 774 940 unco
796 889 904 940 suam
927 891 1079 951 cornuue
1102 887 1259 941 oremus.

281 1073 425 1125 A.D.1sss
446 1089 558 1134 omnes
581 1072 732 1134 tenentes
753 1071 884 1134 nostros
905 1067 1029 1134 ibidem
1052 1089 1110 1156 per
1132 1068 1233 1134 breve
1256 1066 1385 1132 domini
1406 1066 1493 1152 regis

278 1147 369 1192 ’¹³⁴⁹'
446 1170 677 1257 implacitans;
707 1193 745 1238 eo
777 1171 866 1257 quod
897 1170 935 1236 in
966 1171 1063 1237 dictis
1092 1171 1190 1237 terris
1212 1167 1401 1236 *statum'1
1424 1191 1491 1234 nou

446 1273 613 1352 haberent,
648 1273 713 1340 nisi
747 1279 822 1361 post
857 1273 1062 1340 disseieinam
1097 1296 1197 1360 quam
1231 1273 1351 1338 Petrus
1385 1271 1426 1336 de
1460 1273 1493 1336 la

448 1376 673 1464 Ohampaigne
695 1377 773 1442 inde
795 1377 919 1462 injuste
941 1381 976 1442 et
998 1377 1069 1442 sine
1091 1375 1219 1462 judicio
1242 1375 1320 1442 fecit
1342 1375 1492 1441 Johanni

445 1479 515 1544 filio
549 1479 688 1544 Walteri
722 1480 763 1544 de
795 1479 1070 1566 Wythornewyk,
1093 1501 1157 1546 avo
1180 1501 1248 1558 suo,
1279 1477 1372 1563 cujus
1398 1477 1491 1543 heres

445 1582 514 1668 ipse
537 1580 609 1647 fuit
665 1581 741 1668 Ipse
771 1586 886 1647 tamen
909 1582 1084 1661 Robertus,
1106 1581 1186 1647 visis
1209 1581 1334 1646 chartis
1360 1585 1395 1646 et
1415 1579 1490 1645 aliis

446 1684 660 1750 munimentis
682 1683 812 1762 nostris,
837 1689 872 1750 et
893 1684 1056 1771 praecipue
1070 1687 1313 1750 autecessorum
1336 1683 1492 1760 suorum,2

446 1787 597 1852 undecim
617 1786 755 1852 bovatas
768 1791 868 1853 terrm
890 1808 972 1873 quas
993 1786 1117 1852 ibidem
1139 1787 1307 1866 habemus,
1324 1791 1359 1851 et
1381 1786 1493 1850 omnia

446 1889 511 1954 alia
539 1894 643 1955 terras
666 1895 701 1955 et
723 1893 914 1956 tenementa
944 1893 1060 1955 nostra
1090 1887 1224 1970 ibidem,
1255 1888 1352 1954 nobis
1374 1888 1490 1954 conflr-

446 1993 560 2058 mavit.

447 2229 507 2296 IX.
530 2229 580 2295 Dc
602 2229 857 2316 coaficomta'onc
890 2236 1064 2296 terrarum
1098 2230 1138 2296 dc
1169 2228 1433 2316 Braatyaylcaoc
1463 2215 1491 2296 ct

535 2332 672 2418 Beryto
683 2358 695 2414 ;
727 2332 768 2399 dc
800 2341 885 2399 secto
912 2333 960 2398 cd
990 2332 1230 2399 molendinum
1251 2333 1291 2398 dc
1313 2332 1466 2419 Styrcaa
1477 2357 1491 2411 ;

535 2434 575 2501 dc
595 2435 856 2522 peccacatatc'oac
883 2457 985 2523 scopes
1006 2436 1107 2502 tomis
1129 2435 1255 2502 coctus
1277 2435 1319 2501 dc
1341 2434 1492 2522 Styrcuc

533 2544 563 2604 et
590 2536 811 2617 Wtomomu,·
843 2537 881 2604 dc
914 2538 1173 2624 coafiromtc'ooc
1196 2538 1393 2604 libertatum
1415 2560 1491 2604 aos-

534 2647 672 2708 tracum
702 2640 800 2728 amad
824 2639 1081 2726 Noffretoaum;
1113 2649 1142 2707 ct
1166 2641 1205 2707 dc
1227 2641 1369 2708 reddita
1391 2639 1490 2705 obba-

535 2741 604 2808 tie³
627 2741 667 2809 dc
695 2741 836 2830 Wbytty
857 2742 902 2808 la
924 2741 1086 2809 suburbio
1108 2743 1260 2810 Eboraci.

278 2907 422 2978 mens·
490 2905 654 2971 Dominus
687 2904 711 2970 J
713 2877 858 2970 ohannes
890 2905 1111 2992 Falconberge
1145 2904 1249 2986 miles,
1273 2904 1427 2971 dominus
1450 2905 1490 2970 de

278 2976 374 3108 ᾗ
446 3008 542 3094 Ryse,
566 3007 776 3073 confirmavit
798 3007 895 3074 uobis
918 3008 953 3072 in
975 3029 1093 3092 puram
1115 3007 1355 3092 eleemosynam
1379 3029 1491 3074 omnes

277 3111 417 3230 ‘9⁰1¹ffig1121·
445 3116 548 3176 terras
564 3116 598 3176 et
614 3115 805 3176 tenemento
820 3131 895 3196 quae
917 3110 959 3175 de
981 3109 1077 3176 feodo
1099 3131 1158 3175 suo
1180 3111 1218 3174 in
1240 3111 1491 3198 Brantyngham

277 3191 357 3294 122¹}ss
445 3219 480 3280 et
494 3213 628 3301 Burgho
651 3212 853 3279 tenebamus.
900 3212 1003 3298 Cujus
1029 3213 1162 3300 quidem
1185 3212 1340 3298 Hugonis
1362 3212 1493 3278 abbatis

278 3316 400 3384 suynus„
445 3322 599 3404 tempore,
635 3315 726 3402 prior
760 3319 794 3380 et
828 3315 977 3380 canonici
1007 3314 1047 3380 de
1078 3314 1240 3379 Wattona
1261 3313 1303 3379 de
1325 3319 1489 3382 construc-

276 3382 422 3502 ἓιθᾚζ,
445 3419 535 3484 tione
568 3418 750 3484 molendini
780 3416 937 3483 ventricii
959 3417 1065 3484 nostri
1088 3417 1128 3482 de
1152 3414 1311 3502 Skyrena,
1344 3421 1490 3504 tempore

277 3517 417 3634 ggdlffl
445 3520 572 3585 domini
594 3519 678 3584 Ades
701 3518 834 3584 abbatis
862 3519 968 3584 nostri
992 3521 1035 3584 14
1058 3519 1166 3599 erecti,
1191 3524 1226 3584 et
1248 3518 1290 3584 de
1312 3524 1400 3584 secta
1422 3543 1493 3586 mo-

278 3648 345 3698 their
354 3650 410 3698 mffl
445 3622 571 3688 leodini
605 3621 656 3686 sui
688 3621 841 3707 aquatici,
873 3621 1073 3686 calumnia-m
1094 3627 1300 3700 renovantes,
1323 3621 1363 3687 de
1386 3623 1493 3686 omni-

277 3713 422 3779 inskyme.
444 3723 550 3788 modis
572 3723 680 3790 bladis
703 3723 923 3789 crescentibus
946 3725 982 3788 in
1005 3723 1170 3809 aliquibus
1192 3725 1289 3789 terris
1310 3726 1433 3790 nostris
1455 3728 1493 3790 in

277 3781 364 3832 cros.
444 3827 604 3912 Skyrena,
638 3849 713 3914 quae
744 3832 823 3893 sunt
854 3826 1019 3892 dominica
1050 3827 1188 3892 manerii
1218 3827 1325 3893 nostri
1359 3829 1490 3908 ibidem,

443 3929 624 3996 multuram
646 3930 689 3994 cd
712 3929 905 3994 vicesimum
926 3951 986 3994 vas
1008 3928 1197 4015 exigebant.
1253 3928 1335 3995 Post
1357 3930 1491 4018 longam

443 4053 520 4120 ergo
551 4032 701 4098 habitam
736 4031 991 4098 controversiam
1023 4037 1057 4098 et
1078 4053 1298 4118 expensarum
1331 4031 1492 4100 nimiam⁴

442 4135 671 4218 profusionem,
694 4136 843 4221 inspecta
865 4134 982 4200 charta
996 4133 1131 4200 Thomae
1147 4135 1187 4200 de
1202 4133 1329 4200 Ettona
1352 4137 1491 4203 senioris

442 4237 484 4302 de
515 4236 705 4301 molendino
736 4236 883 4322 ipsorum
917 4236 1147 4302 canonicorum
1176 4240 1211 4300 et
1233 4236 1274 4301 de
1291 4235 1427 4322 juribus
1449 4239 1490 4304 ad

442 4341 584 4406 eundem
599 4338 833 4425 spectantibus,
847 4343 1116 4425 recognoscentes
1130 4339 1366 4426 possessionem
1375 4361 1492 4406 eorun-

443 4444 518 4508 dem
541 4440 770 4508 canonicorum
792 4462 813 4506 a
835 4445 982 4527 tempore
1004 4441 1215 4507 confectionis
1237 4441 1319 4509 fecti
1340 4444 1491 4531 proedicti

448 4608 597 4616 ι----.

397 4747 403 4754 ι
478 4689 485 4721 ¹
501 4689 606 4738 'statum
614 4687 636 4753 ‘]
650 4685 762 4750 wanting
773 4683 799 4732 in
811 4685 840 4734 P.
1023 4685 1034 4717 ³
1050 4684 1161 4752 amru]
1174 4687 1266 4749 abbati,
1278 4687 1308 4738 P.

476 4767 488 4799 ²
503 4766 614 4832 mamm]
627 4771 778 4826 nostorum,
789 4763 819 4814 P.
1024 4765 1033 4796 ⁴
1051 4763 1163 4831 nimam]
1177 4769 1428 4831 superabundantem,
1440 4769 1470 4820 P.
