3578 5874
487 881 687 932 wrmnnrrus
708 881 816 932 sums
840 881 993 932 oorsvns
1016 881 1175 932 oscmus.
1291 867 1351 928 185

246 1079 248 1082 ·
310 1053 509 1141 condignum
540 1055 680 1141 pretium
719 1055 880 1121 hactenus
911 1057 1126 1122 merebamur.
1195 1055 1240 1119 Et
1272 1075 1356 1132 cum,
1369 1064 1437 1114 Au).
1452 1067 1516 1117 rste

312 1157 371 1223 diu
402 1161 578 1243 antequam
613 1157 777 1223 eeclesiam
812 1158 853 1223 de
888 1157 1018 1245 Skypse
1052 1159 1088 1223 in
1111 1179 1188 1223 usus
1210 1156 1357 1244 proprios
1369 1137 1480 1275 Sffie

313 1259 543 1339 obtineremus,
560 1281 663 1325 unum
686 1260 910 1326 molendinum
926 1261 1123 1327 ventrioium
1146 1261 1182 1324 in
1205 1259 1357 1324 Beforthe
1370 1289 1529 1340 Removalof

312 1361 408 1427 nobis
430 1362 585 1427 collatum
608 1363 732 1440 fuisset,
756 1367 791 1428 et
813 1367 953 1428 rectores
976 1363 1118 1429 ecclesiae
1141 1363 1182 1428 de
1205 1360 1359 1426 Beforthe
1372 1355 1498 1472 gioffll

312 1469 492 1552 proventus
514 1464 715 1530 deeimarum
738 1465 841 1551 ipsius
856 1466 1037 1531 molendini
1048 1466 1123 1552 jure
1145 1465 1358 1552 possiderent,
1372 1488 1476 1539 sonsa,

313 1567 402 1632 idem
425 1567 527 1632 abbas
550 1566 744 1646 willelmus,
770 1590 829 1654 pro
851 1590 889 1635 eo
912 1570 1000 1655 quod
1022 1569 1109 1633 idem
1133 1567 1360 1634 molendinum
1372 1554 1468 1672 ἓξὲξ·

313 1669 348 1732 in
374 1668 528 1735 Beforthe
550 1691 651 1757 prope
673 1671 862 1758 parochiam
885 1672 926 1737 de
949 1671 1079 1759 Skypse
1111 1671 1227 1737 extitit
1259 1670 1359 1734 situs·
1458 1725 1459 1729 ,

314 1775 395 1850 tum,
418 1772 527 1859 ipsum
558 1772 600 1837 de
633 1773 701 1838 loeo
724 1774 866 1859 pristino
898 1774 1018 1859 deponi
1040 1774 1125 1852 iecit,
1150 1779 1184 1839 et
1206 1773 1242 1836 in
1264 1771 1360 1837 terri-

314 1873 436 1939 torium
468 1874 510 1940 de
541 1874 754 1962 Drynghowe
776 1875 864 1940 infra
886 1877 1074 1963 parochiam
1096 1878 1138 1942 de
1161 1875 1301 1961 Slrypse,
1324 1874 1361 1938 in

316 1977 386 2042 loco
408 1977 629 2058 eminentiori,
653 1979 774 2043 iterum
797 1977 964 2044 elevatum
987 1978 1227 2058 transferebat;
1257 1982 1297 2042 ut
1320 1977 1362 2042 de

316 2079 385 2164 ipso
408 2079 594 2154 molendino
616 2084 796 2166 proventus
832 2080 1029 2146 deeimarum
1052 2081 1095 2145 ad
1117 2080 1240 2145 dictam
1264 2078 1361 2144 eccle-

315 2179 397 2244 siam
431 2187 578 2246 nostram
612 2181 652 2246 de
686 2181 815 2269 Skypse
849 2182 890 2247 de
912 2188 1029 2248 caetero
1051 2182 1260 2268 pertinerent.
1305 2181 1359 2258 Et,
1375 2193 1456 2245 claim
1469 2196 1500 2246 os

316 2303 389 2346 eum
412 2282 527 2348 domus
551 2284 703 2369 quaedam
736 2284 773 2348 in
795 2283 933 2370 grangia
954 2291 1070 2349 nostra
1092 2283 1133 2348 de
1157 2283 1242 2349 Orco
1265 2260 1513 2379 superelffiffi

315 2385 420 2449 solum
454 2385 625 2472 utriusque
659 2386 821 2472 parochirs
852 2387 893 2452 de
925 2385 1056 2473 Skypse
1087 2386 1183 2450 etde
1206 2384 1528 2450 Beforthetottemor·

316 2486 541 2552 verisimiliter
562 2491 804 2568 construantur,
828 2487 982 2575 dictaque
1003 2488 1143 2576 grangia
1164 2488 1295 2554 cuidam
1317 2485 1361 2551 ad
1373 2461 1514 2578 mxu,

316 2590 444 2654 firmam
478 2590 612 2656 dimissa
644 2591 771 2670 suisset,
803 2592 936 2679 ipseque
971 2593 1129 2658 decedens
1151 2592 1240 2678 apud
1263 2591 1361 2657 ecole-
1374 2593 1478 2645 oscroo

316 2693 395 2757 siam
420 2699 567 2758 nostram
590 2693 632 2759 de
656 2693 794 2780 Skypse,
810 2699 849 2759 ut
870 2695 928 2759 alii
951 2694 1143 2760 decedentes
1166 2694 1298 2773 ibidem,
1320 2675 1477 2758 deme·

317 2796 551 2860 oonsuetudine
575 2800 610 2861 et
627 2795 703 2882 jure
726 2797 882 2884 sepultus,
905 2798 1025 2885 quippe
1049 2798 1106 2884 qui
1128 2819 1225 2883 snper
1255 2796 1361 2861 solum

316 2897 478 2982 parochiae
493 2897 533 2962 dc
557 2897 688 2984 Skypse
702 2899 738 2962 in
760 2898 851 2964 dicta
872 2900 1011 2986 grangia
1033 2899 1141 2965 fuerat
1163 2899 1360 2985 hospitatus,

318 2999 535 3064 mortuarium
558 3020 653 3064 suum
675 2999 822 3087 praefatae
845 3002 987 3068 ecclesiae
1010 3009 1131 3066 nostrae
1166 3002 1208 3066 de
1231 3001 1362 3086 Skypse

319 3100 416 3186 digne
451 3102 591 3188 legasset
628 3107 663 3168 ct
689 3101 780 3188 juste
817 3103 1035 3189 persolvisset,
1070 3109 1176 3168 rector
1220 3101 1361 3168 ecclesiae

319 3202 360 3266 de
383 3203 538 3269 Beforthe
560 3209 751 3270 executores
782 3207 975 3270 testamenti
1006 3205 1088 3270 dicti
1118 3205 1304 3270 decedentis
1326 3204 1363 3267 in

319 3326 448 3370 oausam
467 3307 629 3384 trahebat,
651 3307 688 3370 in
711 3308 801 3372 ouria
825 3307 1031 3388 Eboruoensi,
1047 3327 1144 3394 super
1167 3307 1255 3372 dioto
1277 3327 1364 3370 mor-

320 3405 429 3472 tuario
444 3408 584 3474 ecelesiae
607 3430 676 3474 suae
692 3408 733 3474 de
749 3409 902 3475 Beforthe
925 3409 1147 3498 persolvendo.
1194 3408 1258 3473 Sed
1281 3429 1364 3484 cum,

320 3515 394 3596 poet
427 3510 575 3577 diutinos
607 3511 695 3589 litus,
728 3513 904 3578 amfractus
935 3519 970 3578 et
999 3533 1156 3600 expensas
1178 3511 1295 3588 varias,
1326 3531 1364 3574 ao

320 3612 522 3679 defensiones
558 3619 687 3679 nostras
720 3637 780 3702 pro
819 3615 907 3681 dicto
944 3615 1123 3681 mortuario
1161 3614 1257 3680 nobis
1285 3613 1363 3679 reti·

321 3715 437 3794 nend0,
459 3716 616 3804 praefatus
649 3733 754 3782 rector
787 3717 827 3782 de
858 3718 1011 3782 Beforthe
1033 3741 1054 3782 a
1075 3717 1252 3782 vexatione
1275 3716 1364 3781 dicta

321 3818 456 3884 tandem
477 3817 656 3898 desisteret,
672 3839 731 3882 nos
753 3817 859 3904 quieti
882 3819 918 3883 in
940 3817 1126 3884 retentione
1147 3817 1261 3883 debita
1282 3817 1363 3883 dieti

321 3919 491 3985 mortuarii
513 3941 724 3986 remanemus
