3610 5890
446 877 491 948 '74
681 891 780 943 suec
802 889 912 940 nesus
935 890 1089 951 securus
1110 891 1275 944 nnofflus

276 1080 370 1132 North.
441 1065 572 1121 tenniem
592 1065 683 1131 misit,
704 1066 755 1137 qui
779 1066 880 1137 plures
898 1065 987 1120 villos
1007 1071 1037 1119 et
1064 1069 1161 1120 cestre
1186 1071 1328 1137 ceperunt
1355 1071 1386 1120 et
1412 1065 1497 1118 innu-

276 1158 386 1214 ampton.
443 1165 539 1204 meros
564 1148 762 1220 Francigenes
787 1148 968 1204 devicerunt.
1006 1147 1137 1218 Quorum
1164 1148 1313 1206 Henricus
1339 1165 1437 1204 comes
1462 1147 1498 1202 de

443 1231 543 1304 Derby
562 1231 727 1288 Jobnnnem
756 1232 851 1288 filium
869 1231 1002 1305 Philippi
1026 1231 1063 1288 de
1081 1231 1202 1290 Volesio
1227 1232 1259 1288 in
1275 1232 1437 1304 Aquitanis
1462 1229 1498 1286 de

276 1325 358 1373 Bettlc
370 1323 399 1371 of
443 1316 580 1372 conflictu
598 1315 792 1388 ignominiose
810 1317 936 1387 fugavit.
968 1316 1010 1371 At
1021 1315 1085 1387 ipse
1104 1335 1156 1372 rex
1168 1315 1330 1372 Edwardus
1343 1315 1498 1371 Frencicm

275 1393 375 1453 Crem·
442 1400 541 1466 rediit,
569 1407 599 1456 et
624 1407 692 1472 post
720 1399 846 1456 multem
872 1400 1088 1471 expeditionem
1116 1401 1149 1454 in
1178 1400 1257 1456 bello
1282 1399 1361 1472 apud
1388 1399 1498 1470 Oressy

443 1503 518 1540 enno
537 1491 678 1556 sequente
696 1483 809 1540 dictum
827 1483 1000 1556 Philippum
1018 1485 1056 1540 de
1073 1483 1196 1541 Volesio
1213 1484 1332 1550 devicit,
1352 1500 1498 1555 regesque

442 1567 550 1624 *duos‘
561 1568 712 1624 Bohemiae
730 1573 761 1623 et
773 1567 993 1638 Major-icarum,
1007 1567 1112 1623 ducem
1130 1585 1232 1634 unum,
1246 1567 1498 1639 archiepiscopum

442 1670 544 1717 unum,
564 1651 735 1724 episcopum
754 1651 779 1715 1,
800 1651 936 1708 ebbetsm
952 1669 1054 1717 mum,
1074 1652 1203 1722 priorem
1221 1652 1376 1723 hospitelis
1397 1647 1497 1706 Sancti

443 1735 596 1802 Johonnis,
622 1736 744 1791 comites
770 1735 814 1801 14,
843 1735 975 1801 barones,
994 1735 1155 1791 berinettos
1183 1741 1214 1790 et
1237 1735 1425 1791 vicecomites
1448 1734 1494 1799 80,

442 1820 552 1876 milites
571 1825 602 1876 et
619 1818 783 1890 armigeros
800 1818 868 1890 plus
887 1837 976 1890 quem
994 1819 1104 1884 20,000‚
1119 1825 1150 1874 et
1167 1818 1282 1891 pedites
1294 1823 1325 1874 et
1337 1817 1497 1874 communi·

441 1909 518 1960 tetes
529 1903 597 1974 plus
616 1920 705 1975 quem
723 1907 842 1958 centum
859 1899 964 1967 millis,
986 1902 1103 1968 occidit,
1123 1903 1155 1958 in
1172 1902 1280 1974 vigilie
1306 1901 1406 1958 Sancti
1424 1901 1497 1956 Ber-

276 1997 392 2062 Siegecs
441 1987 591 2044 tholomei.
627 1987 743 2052 Postee,
771 2003 823 2041 rex
848 1986 1020 2052 Edwardus,
1040 1987 1161 2042 veniens
1188 2004 1282 2058 usque
1308 1985 1454 2042 Gelesism
1478 1986 1496 2038 9

275 2064 365 2116 Calai&
440 2071 489 2126 die
501 2077 568 2143 post
584 2071 707 2136 bellum,
721 2069 838 2126 obsedit
849 2069 932 2124 illem
945 2075 975 2126 et
987 2069 1098 2124 ibidem
1109 2069 1273 2126 hiemevit.¹
1291 2069 1376 2125 Unde
1389 2069 1496 2124 Franci

441 2155 550 2228 saepius
567 2152 670 2210 *oum‘
693 2154 818 2209 novibus
836 2153 970 2210 obsessos
989 2160 1206 2226 proposuerunt
1233 2153 1398 2210 subvenire,
1437 2151 1496 2208 Sed

440 2241 478 2296 sb
495 2239 631 2311 Angliois
650 2238 761 2294 turbati
787 2239 818 2292 in
844 2237 948 2310 fugem
973 2237 1112 2293 continno
1130 2237 1342 2294 dissolvuntur.
1378 2238 1495 2302 Postea,

440 2323 538 2379 dictus
561 2322 717 2396 Philippus
741 2321 778 2376 de
804 2321 935 2387 Velesio,
965 2339 1033 2376 cum
1058 2321 1077 2376 t
1106 2322 1240 2388 ducibus,
1267 2323 1302 2377 16
1327 2321 1495 2386 comitibus,

440 2405 524 2472 5‚000
554 2407 698 2462 militibus
724 2423 792 2460 cum
818 2405 936 2462 vexillis
966 2405 1058 2472 1,600,
1085 2423 1177 2478 prope
1196 2405 1343 2462 Gelesiem
1373 2405 1498 2462 secessit

441 2488 495 2545 'ed
512 2507 604 2544 unum
621 2488 769 2554 milliare,‘
787 2495 822 2545 ut
840 2489 923 2544 illem
941 2495 1098 2544 recrearet.
1138 2489 1197 2544 Sed
1216 2489 1313 2546 dictus
1338 2489 1495 2560 Philippus

441 2579 535 2640 nocte,
561 2590 620 2629 non
643 2573 708 2628 viso
735 2574 816 2645 regis
834 2573 954 2644 Angliae
980 2573 1097 2638 vexillo,
1118 2575 1242 2628 recessit
1268 2573 1412 2628 clsmculo
1429 2591 1495 2628 oon·

441 2657 561 2712 futatus.
598 2655 683 2711 Unde
713 2657 835 2721 obsessi,
864 2656 962 2711 inedie
988 2655 1092 2722 eoacti,
1119 2655 1252 2712 decursis
1280 2657 1315 2712 12
1344 2656 1494 2712 mensibus

441 2739 611 2806 obsidionis,
643 2740 745 2795 villam
771 2740 917 2796 Eduardo
946 2739 1012 2810 regi
1043 2739 1244 2796 reddiderunt.
1294 2739 1408 2795 Deinde
1432 2758 1494 2804 rex,

274 2839 430 2903 populana.
441 2823 582 2896 Anglism
598 2824 731 2888 tendens,
751 2829 927 2896 tempestate
945 2823 1124 2879 intolerabili
1144 2825 1176 2879 in
1201 2823 1277 2880 meri
1297 2829 1419 2880 vexatus
1438 2829 1493 2880 est.

274 2907 412 2970 perstition.
440 2907 480 2964 Et
505 2917 576 2964 tunc
603 2907 723 2978 quidem
748 2907 807 2963 fuit
831 2903 1014 2962 communis²
1032 2907 1131 2979 opinio
1148 2908 1233 2979 vulgi
1258 2907 1337 2980 quod
1366 2908 1495 2980 quondo-

440 3009 556 3062 cunque
573 3009 626 3046 rex
642 2991 760 3062 Angliss
778 3008 905 3062 regnum
923 2989 1056 3046 Francis
1075 2991 1227 3062 quaerebet
1244 2992 1387 3063 impetere
1404 2991 1495 3046 bellu-

439 3083 534 3142 turus,
549 3076 606 3132 sibi
625 3075 758 3132 faverent
776 3080 805 3129 et
826 3075 1017 3131 subvenirent
1034 3075 1188 3141 clemente,
1203 3076 1255 3132 sed
1273 3076 1304 3130 in
1321 3075 1495 3147 remigando

440 3161 497 3218 sibi
516 3177 632 3231 semper
650 3165 719 3216 sunt
736 3159 884 3214 contraris
901 3165 932 3213 et
956 3157 1073 3215 infeste.
1111 3159 1239 3225 Interes,
1259 3177 1331 3231 rege
1349 3159 1494 3216 Eduardo

439 3245 471 3301 in
495 3244 645 3300 obsidione
664 3243 787 3300 Oclesiae
813 3249 1020 3308 commorante,
1041 3243 1127 3314 peuci
1144 3244 1264 3316 Anglioi
1291 3245 1323 3299 in
1341 3243 1496 3300 Britannis

440 3328 565 3393 dimissi,
584 3327 730 3383 Kerolnm
749 3326 786 3380 de
804 3325 895 3398 Bloys
923 3326 1027 3380 ducem
1046 3325 1217 3393 Britennioe,
1238 3327 1273 3383 37
1290 3334 1444 3400 magnetes
1465 3335 1496 3383 ct

439 3412 476 3467 80
505 3412 626 3477 milites,
653 3414 793 3480 ceperunt
817 3415 848 3465 et
872 3409 904 3464 in
928 3409 1069 3482 Angliem
1094 3411 1248 3478 miserunt,
1276 3417 1306 3467 et
1335 3412 1494 3483 plurimam

274 3517 406 3566 Defestof
440 3495 542 3568 populi
565 3493 786 3549 multitudinem
810 3498 1008 3564 peremerunt.
1047 3491 1173 3560 Interes,
1194 3493 1291 3550 David
1318 3494 1355 3550 de
1382 3494 1491 3567 Bruyz,

274 3583 403 3633 tthcols
440 3595 493 3632 rex
517 3577 692 3640 Scottorum,
715 3575 778 3646 jem
805 3593 872 3630 cum
899 3575 1038 3648 Philippo
1063 3577 1100 3631 de
1126 3578 1238 3650 Velcys
1266 3579 1492 3644 confoederatus,

273 3649 411 3700 neerur·
440 3665 619 3733 congregato
649 3659 779 3714 exercitu
813 3659 924 3725 40,000,
955 3659 1037 3715 vovit
1067 3660 1146 3731 quod
1183 3679 1286 3732 regem
1315 3661 1493 3718 Edwardum

273 3715 340 3765 hm·
439 3745 558 3817 Angliss
582 3749 634 3799 eut
658 3761 676 3798 e
700 3741 779 3798 dicte
803 3741 954 3798 obsidione
973 3741 1098 3798 cussis
1124 3751 1286 3810 revocaret,
1306 3751 1358 3801 sut
1384 3747 1494 3802 feceret

274 3839 361 3892 1107.
439 3827 617 3884 Hnmbriem
654 3826 779 3881 limitem
815 3825 901 3896 regni
931 3825 986 3880 sui.
1038 3826 1179 3898 Angliam
1211 3828 1334 3896 intrans,
1366 3829 1492 3900 patriam

439 3911 568 3986 spoliens
597 3910 781 3967 incendebat.
828 3909 885 3965 Oui
918 3909 1087 3967 Willelmus
1118 3911 1155 3966 de
1186 3911 1316 3978 Sowche,
1348 3913 1492 3984 erohiepi·

438 4015 544 4068 scopus
562 3994 764 4058 Eborecensis,
785 3999 816 4048 ct
839 3993 891 4048 elii
908 3999 1062 4065 magnetes
1080 3993 1213 4052 boreales
1241 4003 1441 4060 occurrerunt,
1461 4003 1493 4051 et

438 4099 507 4136 eum
524 4081 561 4136 de
578 4079 657 4135 bello
674 4077 832 4149 campestri
849 4093 941 4149 prope
957 4075 1145 4134 Dunelmicm
1163 4081 1336 4152 fugientem,
1356 4079 1491 4136 comites·

439 4183 497 4236 que
515 4166 532 4220 3
550 4172 581 4220 et
605 4163 678 4218 elios
697 4162 750 4218 100
776 4160 937 4216 berinettos
956 4167 987 4216 et
1013 4161 1134 4228 milites,
1156 4169 1186 4220 et
1211 4165 1294 4230 2000
1313 4163 1351 4219 de
1375 4162 1491 4235 reliquo

439 4248 558 4320 populo,
580 4251 730 4318 ceperunt.
768 4244 981 4315 interfectique
1000 4245 1120 4302 fuerunt
1146 4248 1178 4302 in
1202 4249 1255 4303 illo
1273 4247 1351 4303 bello
1369 4247 1491 4304 comites

438 4333 465 4400 2,
486 4339 517 4390 et
543 4331 630 4388 electi
655 4328 805 4394 bsrinetti,
834 4328 944 4384 milites
969 4333 1000 4384 et
1026 4331 1158 4396 scutarii,
1186 4331 1279 4398 2000,
1303 4336 1333 4387 et
1356 4331 1490 4402 reliquus

272 4429 422 4494 Impoflition
438 4417 575 4490 populus,
593 4416 626 4471 in
642 4413 749 4486 vigilie
775 4412 876 4469 Sancti
902 4412 991 4468 Lucae
1011 4413 1221 4488 Evangelistae.
1258 4415 1363 4472 Dictus
1392 4421 1490 4471 sutem

273 4498 395 4548 010001)-
438 4519 491 4558 101
507 4499 680 4566 Edwsrdus,
700 4514 775 4554 enno
792 4497 828 4552 13
844 4496 931 4568 regni
949 4496 1006 4563 sui,
1025 4497 1131 4554 indixit
1148 4499 1327 4572 Angligonis
1345 4499 1490 4555 iuibutum

272 4561 336 4627 1111·
439 4585 549 4657 quintas
575 4585 668 4657 portis
697 4583 840 4638 bonorum
866 4581 1030 4649 mobilium,
1056 4601 1222 4656 nonamque
1247 4585 1370 4656 gerbam
1395 4584 1490 4640 omnis

472 4811 480 4842 ¹
498 4811 624 4875 hiemavit]
638 4809 757 4873 yemsvit,
768 4807 825 4859 MS.
959 4785 972 4843 d
1047 4811 1189 4877 0011000010]
1208 4811 1343 4874 communi,
1356 4809 1412 4862 MS.
