3578 5874
451 877 514 948 196
627 891 827 941 urrunnuus
850 879 956 940 neuls
978 889 1133 940 oorivus
1156 891 1318 946 DscfflUS.

280 1077 347 1128 Al).
363 1081 426 1132 13⁷2
449 1060 623 1130 Beverleeo
654 1069 689 1131 et
721 1064 941 1152 Grymestonu
972 1065 1008 1129 in
1040 1063 1267 1143 Holdernesse,
1300 1061 1496 1128 deliberavit

280 1150 399 1274 3221!
447 1167 561 1232 eadem
594 1171 784 1232 tenemento
814 1166 959 1233 conferre
992 1166 1091 1231 olioui
1121 1165 1191 1231 loeo
1212 1165 1436 1252 religiosorum
1461 1171 1495 1230 et

280 1305 346 1340 eum.
448 1268 630 1356 specialiter
652 1269 849 1335 monasterio
858 1273 985 1349 nostro,
1000 1267 1042 1334 ob
1057 1269 1204 1334 favorem
1219 1267 1322 1354 ipsius
1337 1267 1496 1333 Willelmi

281 1370 399 1434 Gryno
447 1371 586 1450 abbatis,
609 1393 668 1458 pro
690 1371 838 1436 centurie
860 1371 1002 1457 quedem
1025 1392 1084 1456 pro
1099 1370 1210 1436 enimn
1232 1391 1291 1434 sua
1313 1375 1348 1436 et
1363 1391 1494 1434 suorum

280 1443 348 1486 '⁰¹¹⁸'
446 1473 703 1541 benevolorum¹
725 1479 882 1562 perpetuo
904 1473 1060 1540 faciende
1108 1472 1207 1538 Unde
1233 1477 1422 1538 tenemento
1444 1494 1496 1536 eu-

447 1577 521 1642 dem
544 1577 581 1642 in
603 1576 787 1656 Beverleeo,
810 1599 884 1663 quse
906 1598 981 1642 eum
996 1575 1129 1663 reprisis
1144 1575 1302 1642 velebant
1317 1575 1359 1640 xl
1374 1573 1494 1639 solidos

447 1679 631 1760 annuatim,
669 1701 707 1745 eo
744 1701 890 1744 annuum
927 1677 1094 1744 redditum
1127 1683 1200 1744 ooto
1237 1699 1418 1743 marearum
1456 1677 1492 1740 in

448 1781 699 1867 Grymnestons,
722 1787 897 1848 exeuntem
922 1781 962 1846 de
977 1779 1074 1846 certis
1096 1781 1292 1846 tenementis
1308 1780 1345 1844 in
1359 1775 1495 1858 eedem?

448 1906 515 1949 une
551 1906 626 1960 oum
654 1885 838 1950 reversione
869 1884 1046 1950 eorundem
1079 1879 1366 1962 tenementorum,³
1399 1881 1496 1946 certis

448 1986 565 2052 mediis
599 1992 632 2052 et
662 1986 805 2052 feoffetis
835 1986 976 2052 eontulit
999 1986 1035 2051 in
1057 2007 1135 2052 usus
1157 1991 1287 2051 nostros
1309 1989 1492 2072 perpetuos,

448 2094 523 2176 post
546 2089 712 2156 decessum
745 2089 849 2177 ipsius
881 2089 1018 2155 Roberti
1040 2089 1243 2176 possidenda.
1290 2088 1341 2153 De
1375 2087 1494 2173 quibus

281 2189 299 2240 f·
315 2187 393 2241 ¹2⁴⁶·
448 2195 561 2258 tamen
583 2193 780 2258 tenementis
802 2193 837 2256 in
869 2191 1088 2277 Grymestons
1110 2191 1250 2278 parcella
1279 2190 1432 2277 quaedam
1455 2189 1496 2255 de

449 2293 545 2358 nobis
567 2293 751 2375 tenebatur,
775 2299 873 2381 prout
895 2299 989 2380 petet
1010 2294 1047 2358 in
1069 2295 1191 2358 obortis
1209 2293 1340 2373 nostris,
1363 2315 1424 2379 pro
1447 2292 1495 2356 di·

282 2405 385 2471 otlige-
450 2394 553 2460 midin
575 2416 682 2461 merea
704 2397 885 2461 aunuatim.
925 2395 1145 2483 Quapropter,
1160 2417 1227 2474 nos,
1244 2395 1332 2462 dioto
1348 2395 1494 2460 Roberto

280 2471 438 2590 ¹3ssng
448 2499 780 2586 recompensationem
818 2498 854 2562 in
892 2499 1119 2585 spiritualibus
1150 2497 1385 2585 impendentes,
1417 2519 1492 2563 eon·

281 2605 424 2656 relativae>
448 2600 602 2667 cessimus
624 2607 659 2668 et
680 2601 898 2688 obligavimus
920 2623 989 2680 nos,
1003 2623 1063 2688 pro
1085 2602 1180 2666 nobis
1203 2605 1237 2666 et
1259 2601 1496 2667 suceessoribus

281 2672 412 2723 theobau-
543 2704 550 2720 .
669 2704 676 2720 .
769 2705 777 2719 .
1327 2704 1334 2718 .
1470 2705 1476 2718 .
1583 2707 1585 2715 ,

282 2744 333 2803 Ἢ,
449 2708 578 2783 nostris,
600 2704 645 2770 ed
666 2704 902 2770 mvemendum
925 2727 1027 2770 unum
1051 2705 1092 2770 ds
1114 2704 1353 2770 commonachis
1376 2709 1495 2768 uostris

449 2805 687 2874 celebraturum
711 2806 826 2872 divino
847 2807 995 2894 quotidie
1017 2807 1266 2894 imperpetuum,
1289 2811 1366 2893 post
1388 2805 1495 2871 deess-

448 2929 522 2974 sum
537 2909 618 2975 dieti
640 2908 789 2989 Roberti,
805 2910 848 2974 ed
871 2909 976 2974 altere
992 2909 1228 2996 Apostolorum
1244 2909 1336 2975 Petri
1351 2913 1384 2974 et
1401 2907 1497 2972 Pauli

449 3010 486 3076 in
500 3009 634 3076 eeclesia
656 3016 771 3077 nostro
792 3011 1014 3087 eonventnsli,
1036 3032 1097 3098 pro
1119 3011 1231 3077 enims
1254 3011 1335 3077 dieti
1351 3009 1497 3087 Roberti,

450 3111 622 3180 Elisabeth
638 3117 673 3180 et
695 3113 848 3180 Isubellae
870 3135 1010 3179 uxorum
1035 3135 1175 3193 suerum,
1199 3115 1303 3202 patris
1326 3119 1360 3180 et
1381 3113 1498 3178 metris

449 3237 527 3296 suae,
550 3217 713 3284 Johsnnis
736 3217 882 3282 Dermen
913 3217 954 3282 de
986 3217 1213 3304 Soerdburgbe
1240 3217 1405 3302 quondam
1429 3239 1497 3280 me-

448 3319 545 3404 gistri
567 3319 627 3398 sui,
650 3323 685 3384 et
706 3319 854 3385 omnium
876 3319 1122 3385 benefactorum
1144 3340 1278 3385 suorum
1301 3325 1335 3385 et
1350 3319 1497 3384 omniurn

450 3419 597 3486 fidelium
619 3421 858 3488 destructorum.
906 3421 972 3503 Qui
994 3421 1127 3508 quidem
1149 3423 1336 3502 monachus,
1368 3422 1497 3487 adhoc

450 3523 623 3588 annuatim
646 3545 702 3590 seu
729 3524 976 3610 septimsnatim
1008 3547 1068 3613 per
1100 3524 1254 3590 obbutem
1277 3524 1496 3612 deputandus,

450 3624 493 3688 od
516 3624 641 3690 dietum
662 3625 766 3692 ultore
788 3627 921 3692 missam
944 3628 985 3694 de
1008 3628 1131 3694 Sancto
1145 3627 1309 3693 Trinitste
1324 3627 1498 3693 tenentur⁴

242 3751 245 3760 ¹
369 3801 371 3804 ,
451 3727 636 3808 eelebrsr03
668 3733 736 3810 eut,
760 3733 838 3794 ente
859 3731 1057 3820 principium
1080 3731 1187 3796 missu
1209 3751 1267 3796 seu
1289 3731 1389 3795 finem
1412 3730 1498 3816 ejus-

450 3829 534 3909 dem,
558 3831 636 3907 dum
653 3831 753 3897 saeris
768 3832 918 3898 vestibus
940 3833 1042 3899 fuerit
1064 3833 1209 3911 indutus,
1242 3833 1435 3898 memorium
1457 3832 1498 3897 de

451 3931 574 3998 Sancto
610 3933 775 4000 Trinitete
813 3934 956 4002 debeet⁶
986 3936 1145 4016 recitare;
1174 3940 1209 4000 et
1237 3935 1282 4001 ed
1311 3935 1497 4000 faciendum

450 4034 551 4099 etiem
585 4036 847 4102 anniversarium
880 4038 916 4101 in
939 4038 993 4104 die
1025 4037 1135 4103 obitus
1166 4037 1311 4123 ejusdem
1351 4037 1496 4114 Roberti,

449 4135 583 4216 scilieet,
610 4143 628 4173 “
644 4137 812 4218 Plaoebo,”
834 4145 869 4205 et
896 4147 913 4176 “
926 4137 1070 4226 Dirige‚”
1092 4145 1191 4226 prout
1213 4141 1315 4206 moris
1329 4145 1379 4206 est
1394 4140 1430 4204 in
1446 4162 1498 4205 or-

449 4238 527 4304 dine
542 4244 664 4319 nostro,
677 4242 712 4306 et
727 4243 858 4308 missam
874 4242 915 4308 de
926 4248 944 4278 “
954 4241 1135 4330 Requiem'’
1148 4241 1191 4308 ed
1206 4264 1370 4329 summum
1385 4243 1497 4308 altere.

482 4541 944 4610 ¹ben0s010nm1uenevu10rum,u.
1030 4546 1135 4598 ³Alter
1146 4553 1328 4598 metaurum
1338 4547 1424 4610 insert,
1441 4553 1497 4613 post

484 4622 494 4654 ²
505 4624 581 4676 Aser
593 4623 676 4674 eadem
686 4623 772 4686 insert,
784 4639 841 4688 quu
852 4622 953 4687 quidem
997 4625 1132 4676 terminum
1144 4625 1202 4678 vitae
1214 4626 1274 4678 dieti
1285 4627 1418 4690 willelmi,
1430 4629 1458 4680 P.

450 4700 596 4754 willelmus
609 4705 641 4754 de
657 4703 809 4754 Edelestona
824 4703 906 4754 tenuit
921 4705 953 4754 ud
1029 4703 1041 4735 ⁴
1058 4705 1181 4772 meato]
1200 4707 1333 4770 tenebitur,
1344 4707 1374 4760 P.

450 4779 583 4832 terminum
594 4781 654 4832 vitu
666 4797 726 4846 suu,
737 4781 767 4832 P.
1030 4781 1159 4851 ⁵rbitror]
1179 4786 1262 4850 debet,
1272 4785 1303 4836 P.
