3610 5890
439 848 480 908 52
674 859 771 910 nuso
793 857 902 908 ansas
926 857 1078 918 omarus
1100 857 1261 909 suemus

269 1043 338 1095 01).
352 1047 425 1094 rats.
439 1029 547 1094 “Jam
569 1029 699 1116 perdidi
720 1029 829 1116 ipsum
852 1029 990 1116 regem.”
1036 1029 1154 1115 Sicque
1177 1029 1334 1116 magister
1357 1025 1489 1092 delusus

267 1124 402 1240 32⁰3
437 1137 496 1211 est,
519 1154 557 1197 eo
580 1133 669 1218 quod
693 1132 863 1198 diabolicae
886 1133 1134 1198 consuetudinis
1157 1136 1208 1197 est
1230 1132 1292 1195 sub
1315 1129 1488 1194 intellectu

269 1270 423 1307 emmanuet.
437 1233 560 1319 duplici
582 1233 799 1320 respondere;
830 1235 909 1318 quia
930 1238 1010 1298 tunc
1033 1233 1191 1320 temporis
1213 1253 1272 1297 rex
1304 1229 1489 1296 Edwardus

436 1355 544 1400 coram
568 1356 701 1421 corpore
723 1335 898 1400 Dominico
921 1340 956 1400 01
978 1357 1058 1400 vera
1080 1356 1174 1399 cruce
1204 1333 1376 1398 humiliter
1397 1351 1489 1418 pros-

436 1441 545 1500 tratus
563 1436 676 1522 jacuit,
701 1435 758 1501 sed
781 1457 846 1521 quo
869 1436 1005 1502 devenit
1038 1435 1191 1500 inimicus
1213 1457 1282 1500 non
1313 1433 1489 1521 cognovit3

271 1546 376 1596 Vindic-
437 1543 472 1604 et
505 1544 639 1624 propter
672 1537 734 1602 hoc
767 1537 877 1623 ipsum
913 1537 1081 1623 perditum
1123 1537 1302 1602 nuntiavit.
1360 1533 1488 1620 Regina

269 1613 423 1730 {ffffi‘c’fi
436 1639 549 1726 igitur,
586 1640 688 1703 immo
726 1638 831 1704 altera
864 1638 1008 1715 Jezabel,
1042 1639 1112 1703 haec
1143 1639 1282 1705 audiens
1314 1635 1487 1702 exultabat

269 1759 356 1810 queen
437 1741 657 1818 vehementer,
682 1763 778 1804 suum
810 1741 1013 1826 propositum
1037 1740 1230 1805 existimans
1261 1737 1486 1824 adimpletum.

437 1842 503 1909 Sed
532 1865 600 1908 non
634 1843 785 1929 permisit
817 1843 980 1907 Dominus
1011 1843 1164 1928 spiritum
1197 1839 1413 1929 procellarum
1451 1837 1487 1900 in

436 1969 546 2034 regem
568 1947 614 2012 sic
643 1945 858 2011 humiliatum
881 1945 1051 2010 dominari.
1099 1945 1171 2009 Ista
1204 1945 1352 2009 omnium
1373 1941 1487 2006 nefan-

436 2051 554 2116 darum
577 2047 752 2112 mulierum
767 2047 969 2132 nequissima
991 2047 1176 2112 interficere
1190 2046 1270 2111 fecit
1291 2045 1485 2130 magistrum
1575 2089 1583 2104 .

437 2149 620 2216 Henricum
643 2149 684 2213 de
696 2147 854 2212 Malatree
876 2147 1037 2225 clericum,
1053 2171 1122 2236 prae
1145 2148 1297 2213 omnibus
1312 2147 1387 2211 aliis
1403 2144 1488 2229 regis

436 2251 586 2316 Francius
608 2249 827 2325 secretarium,
843 2271 881 2315 eo
901 2250 989 2335 quod
1012 2250 1228 2316 destructioni
1242 2250 1330 2336 regis
1345 2247 1488 2332 Angliae,

268 2367 399 2417 Punished
435 2358 475 2418 ut
497 2351 729 2439 praescribitur,
745 2351 854 2416 noluit
876 2351 1066 2417 consentire.
1113 2351 1209 2430 Item,
1224 2373 1245 2414 a
1259 2357 1406 2436 tempore
1422 2368 1487 2432 quo

267 2434 423 2549 {ilfffiff
437 2455 611 2540 Philippus
634 2453 674 2518 de
696 2452 822 2538 Valoys
844 2453 880 2518 in
902 2475 1004 2538 regno
1027 2453 1175 2518 Franciae
1208 2453 1309 2538 coepit
1340 2469 1486 2536 regnare,

268 2565 395 2616 deformet
435 2556 480 2641 xj.
512 2555 657 2619 infantes
688 2554 858 2618 abortivos
893 2554 1088 2640 procreavit,
1116 2575 1257 2640 quorum
1290 2552 1402 2616 nullus
1435 2554 1487 2615 est

267 2647 388 2698 meni·
435 2656 592 2742 baptismi
625 2655 769 2742 gratiam
799 2659 1015 2734 consecutus3
1046 2676 1185 2740 quorum
1216 2655 1354 2719 ultimus
1386 2657 1486 2716 natus

434 2758 471 2822 in
501 2755 653 2821 manibus
686 2761 720 2820 et
753 2755 892 2842 pedibus
923 2755 1033 2820 nullas
1062 2755 1179 2821 habuit
1207 2755 1392 2841 juncturas,
1427 2753 1485 2818 sed

266 2870 398 2922 0000οἐ
435 2859 558 2946 rigidos
581 2857 699 2922 habuit
722 2855 831 2922 oculos
846 2856 932 2922 sicut
954 2857 1090 2944 lignum.
1137 2857 1179 2922 In
1203 2857 1345 2923 crastino
1361 2877 1421 2921 rex
1444 2856 1487 2920 ad

267 2937 398 3066 ffizssfind
435 2965 557 3026 terram
581 2959 750 3046 applicuit,
767 2963 801 3023 et
817 2959 853 3022 in
868 2958 926 3023 ille
940 2963 1138 3045 tempestate
1153 2959 1300 3046 perdidit
1316 2961 1359 3023 24
1375 2979 1486 3038 naves,

265 3070 422 3135 menbythe
435 3062 584 3128 homines
607 3065 673 3127 300
697 3065 731 3126 et
753 3081 854 3146 equos
879 3064 954 3137 200,
977 3081 1105 3127 necnon
1136 3061 1202 3125 alia
1224 3061 1320 3147 plura
1342 3060 1430 3125 bona
1451 3065 1487 3124 et

266 3141 351 3188 ⁵²⁰OE
434 3163 592 3230 victualia
613 3183 712 3249 supra
734 3161 990 3228 aestimationem
1013 3169 1132 3226 certam
1158 3167 1217 3227 aut
1240 3162 1411 3227 seientiam
1425 3162 1486 3226 ali-

267 3271 322 3322 Tne
334 3274 404 3338 Eus—
433 3266 532 3348 cujus.
578 3266 678 3329 Anno
695 3263 832 3329 Domini
850 3266 945 3342 1343,
963 3263 1097 3328 comites
1112 3263 1152 3328 de
1167 3263 1288 3349 Derby,
1306 3263 1486 3328 Arundelle

264 3338 420 3456 fflfflffil‘
433 3375 467 3432 et
491 3365 660 3450 Warwyk,
684 3386 759 3429 cum
774 3365 851 3442 suis,
874 3364 1094 3429 munitionem
1118 3364 1159 3429 (10
1182 3365 1405 3451 Loghmaban,
1427 3387 1485 3450 per

265 3471 323 3546 nan,
334 3473 377 3521 be.
433 3467 571 3543 Scottos
595 3471 746 3551 treugam
762 3465 803 3529 (10
821 3465 979 3531 Malatrec
994 3466 1191 3552 frangentes,
1208 3466 1381 3546 obsessam,
1397 3467 1485 3531 relu-

265 3539 400 3664 ⁸¹⁰⁸⁶dJ³l
485 3591 492 3606 ·
556 3619 564 3643 ,
601 3565 758 3650 illamque
795 3567 983 3632 necessariis
1020 3568 1220 3634 munierunt.
1282 3567 1359 3655 Ipso
1397 3589 1485 3632 anno

264 3667 334 3718 ΑΒ·
349 3673 420 3722 1³⁴³·
434 3669 619 3733 Edwardus
634 3689 693 3732 rex
715 3665 855 3755 Angliae,
880 3667 964 3733 circa
988 3667 1213 3734 Nativitatem
1236 3669 1382 3747 Domini,
1397 3669 1485 3755 apud

264 3745 400 3863 ssbl‘glffid
434 3769 661 3855 Wyndeshore
684 3770 796 3834 tenuit
822 3769 943 3834 festum
966 3770 1122 3852 solenne3
1144 3771 1256 3856 ibique
1271 3771 1373 3836 ritum
1396 3793 1485 3837 reco-

265 3878 418 3931 atwindsor.
432 3871 502 3938 lens
517 3871 659 3937 Arthuri
675 3871 841 3957 quondam
857 3871 943 3958 regis
950 3872 1134 3952 Britonum,
1145 3873 1294 3938 tabulam
1305 3873 1484 3940 rotundam

367 4059 369 4062 Ι
433 3976 500 4039 300
515 3973 661 4038 militum
685 3978 719 4038 et
740 3973 882 4038 totidem
906 3973 1114 4039 dominarum
1137 3975 1308 4062 reincepit,
1323 3981 1357 4040 01
1379 3976 1483 4063 ipsam

432 4076 583 4140 tabulam
605 4074 784 4140 rotundam
807 4075 959 4142 instituit
981 4077 1129 4162 quolibet
1158 4099 1245 4142 anno
1268 4078 1358 4164 apud
1381 4081 1487 4164 Wyn-

432 4176 569 4242 deshore
591 4177 627 4240 in
651 4176 704 4240 die
720 4176 834 4241 Sancti
858 4175 991 4264 Georgii
1013 4177 1174 4244 renovari.
1219 4177 1267 4244 Et
1290 4179 1336 4244 010
1360 4187 1484 4245 annum

432 4277 528 4342 illum
551 4276 685 4364 Anglici
718 4277 907 4343 hastiludiis
937 4281 973 4342 et
994 4277 1137 4344 lasciviis
1169 4279 1382 4367 indulgentes
1413 4303 1486 4368 per·

264 4388 415 4455 Comageof
433 4381 609 4446 duxerunt.
655 4379 755 4444 Anno
785 4383 897 4444 autem
927 4385 1084 4464 sequente
1105 4380 1183 4446 fecit
1216 4403 1276 4448 rex
1299 4382 1485 4449 Edwardus

263 4456 358 4571 {323}
432 4481 589 4547 fabricare
613 4481 752 4545 florenos
774 4481 846 4543 auri
878 4480 921 4544 ad
944 4480 1090 4547 valorem
1121 4483 1267 4548 dimidioe
1300 4505 1425 4562 marcae,
1450 4490 1485 4548 01

264 4589 314 4638 and
325 4588 398 4639 other
433 4583 514 4648 ulios
536 4583 743 4646 00100100οΟ
766 4580 924 4658 denarios,
939 4587 979 4646 et'
996 4583 1077 4648 alios
1099 4584 1248 4652 ualentes
1264 4589 1307 4649 20
1323 4585 1483 4666 denarios,

262 4654 353 4720 9³⁶⁰*
434 4705 514 4772 quos
537 4684 652 4748 obulos
675 4688 710 4747 et
732 4681 932 4768 quadrantes
955 4685 1150 4752 nominavit.
