3610 5890
429 860 472 924 22
659 874 757 926 suco
779 872 888 924 suess
909 873 1062 932 oumrus
1084 871 1243 922 nmmos

262 1059 331 1114 nl).
346 1067 408 1114 lasa
428 1041 663 1130 possessionem
686 1039 834 1126 ejusdem
858 1039 1008 1118 molestae
1028 1036 1157 1124 jurium
1178 1042 1213 1104 et
1233 1037 1476 1125 pertinentium

262 1135 352 1182 '¹³⁴2
427 1145 540 1231 ipsius,
555 1143 745 1230 irrequisito
767 1143 919 1210 ulteriori
941 1163 1100 1210 consensu
1117 1141 1222 1228 ipsius
1243 1140 1478 1230 archiepiscopi

428 1269 486 1314 seu
520 1267 739 1312 suceessorum
770 1267 913 1326 suorum,
935 1243 1173 1312 velaulteriori
1203 1243 1338 1310 licentia
1370 1243 1479 1331 petita

427 1355 487 1418 aut
517 1351 665 1430 obtenta,
697 1348 897 1414 auctoritate
928 1347 1068 1434 propria,
1100 1346 1202 1412 libere
1232 1347 1476 1434 apprehendere

261 1466 395 1520 Procnen
428 1453 612 1520 valeremus
629 1457 664 1516 et
686 1451 775 1518 licite
798 1451 960 1532 retinere;
982 1455 1151 1518 reservata
1173 1449 1378 1516 ordinationi
1408 1471 1476 1516 sure

261 1535 395 1666 w·
430 1555 471 1622 ue
503 1556 606 1642 ipsius
628 1555 771 1622 salsa
803 1554 845 1620 ue
867 1553 1071 1640 myngan
1096 1552 1267 1633 marsus,
1290 1553 1477 1620 manebus

262 1668 340 1720 vicar.
430 1664 464 1726 et
486 1657 714 1746 proventibus,
735 1661 894 1744 perpetuo
923 1656 1046 1722 vicario
1068 1656 1105 1722 in
1136 1655 1208 1744 ipsa
1239 1656 1373 1722 ecclesia
1403 1677 1477 1742 per-

429 1766 531 1849 petuo
562 1761 734 1838 servituro,
756 1781 816 1846 per
847 1780 907 1824 nos
938 1763 973 1824 et
1003 1779 1201 1824 successores
1231 1765 1370 1840 nosbos,
1399 1781 1479 1846 quo·

429 1865 492 1930 ties
514 1865 586 1950 ipsa
611 1863 737 1928 vicaria
766 1861 943 1940 vacaverit,
967 1861 1209 1947 archiepiscopo
1238 1863 1477 1948 praestando,

429 1988 573 2054 congrua
608 1965 768 2052 portione,
808 1983 851 2030 ex
888 1985 954 2049 qua
997 1963 1085 2029 idem
1122 1963 1266 2030 vicarius
1310 1965 1477 2032 commode

429 2069 608 2136 sustentari
637 2067 771 2146 valeret,
802 2071 837 2132 et
866 2088 966 2134 onera
1001 2066 1066 2132 sibi
1103 2066 1329 2134 incumbentia
1366 2068 1478 2134 debite

429 2178 630 2261 supportare.
677 2169 782 2256 Cujus
813 2169 971 2235 vicariam
1004 2169 1055 2235 ita
1087 2171 1286 2252 constituit3
1319 2170 1409 2257 quod
1441 2173 1479 2236 in

429 2276 544 2342 eadem
567 2271 724 2340 ecelesia1
746 2272 792 2338 sit
823 2292 910 2336 unus
931 2271 1075 2338 vicariis
1097 2277 1277 2358 perpetuus
1304 2274 1477 2355 saecularis,

429 2379 466 2444 in
489 2377 604 2442 ordine
626 2373 822 2442 sacerdotali
844 2373 1056 2453 constitutus,
1071 2376 1230 2462 providus
1252 2379 1288 2442 et
1310 2376 1478 2456 discretus,

429 2501 468 2548 aa
490 2479 532 2544 ad
554 2478 701 2564 regimen
731 2475 917 2542 animarum
939 2475 1070 2554 habilis,
1092 2477 1231 2544 idoneus
1253 2484 1288 2546 et
1309 2478 1478 2557 honestus,

430 2605 489 2671 per
510 2603 571 2647 nos
593 2585 628 2646 et
659 2598 858 2645 successores
891 2584 1021 2646 nostros
1053 2579 1097 2644 ad
1119 2581 1399 2670 arehiepiscopum
1422 2582 1478 2668 qui

430 2707 490 2773 pro
512 2689 660 2770 tempore
681 2681 791 2760 fuerit,
808 2681 937 2767 quoties
959 2682 1064 2769 ipsam
1086 2681 1245 2750 vicariam
1266 2705 1383 2751 vacare
1405 2706 1479 2752 con·

430 2788 552 2876 tigerit,
576 2785 842 2874 presentandum
867 2785 926 2870 qui
947 2805 1060 2850 curam
1084 2784 1206 2852 habeat
1228 2788 1421 2866 animarum,
1445 2792 1480 2854 et

431 2891 646 2981 personaliter
667 2889 811 2955 resideat
839 2887 875 2952 in
898 2887 1020 2956 eadem.
1066 2887 1174 2968 Quam
1196 2889 1299 2956 etiam
1321 2891 1479 2958 vinariam

430 2995 609 3062 consistere
630 2993 738 3060 voluit
760 2992 797 3056 in
819 2991 1027 3078 portionibus
1049 2990 1289 3080 infrascriptis3
1318 2995 1479 3072 videlieet,

430 3101 467 3164 in
489 3119 556 3164 uno
578 3118 692 3162 manso
725 3095 932 3182 competenti,
956 3115 1029 3160 oum
1064 3095 1236 3182 curtilagio
1272 3101 1305 3162 et
1327 3097 1478 3164 domibus

430 3223 490 3289 pro
512 3199 719 3266 habitatione
740 3198 857 3264 vicarii
879 3195 1077 3264 sufficienter
1099 3198 1270 3266 aedifioatis
1292 3200 1479 3288 sumptibus

432 3305 562 3382 nostris,
582 3304 690 3391 prima
704 3302 783 3368 vioe
830 3301 1061 3387 Oonsistatque
1076 3301 1186 3387 portio
1209 3302 1290 3369 dieti
1305 3305 1421 3370 vicarii
1443 3307 1479 3370 in

433 3411 476 3472 12
498 3406 591 3472 libris
612 3405 855 3490 sterlingorum,
871 3404 913 3468 do
934 3403 1039 3482 nobis,
1053 3403 1191 3491 singulis
1213 3406 1316 3484 annis,
1332 3407 1370 3472 in
1392 3408 1481 3475 diota

432 3509 573 3588 ecclesia,
597 3507 661 3594 ipsi
684 3507 806 3571 vicario
840 3506 883 3570 ad
917 3510 1022 3571 certos
1054 3508 1212 3574 terminos
1244 3509 1476 3596 persolvendis
1543 3587 1547 3596 ι

433 3613 486 3690 Et,
520 3610 548 3674 si
580 3610 785 3694 contingeret
819 3608 943 3674 dictam
974 3609 1169 3696 portionem
1184 3614 1225 3676 12
1251 3611 1410 3678 librarum
1442 3613 1479 3678 in

433 3717 527 3801 parte
558 3711 612 3776 vel
648 3711 685 3775 in
721 3715 794 3776 toto
831 3711 874 3776 ad
912 3710 1017 3778 dictos
1053 3715 1220 3794 terminos,
1250 3714 1292 3780 ob
1329 3720 1479 3782 nostrum

433 3816 606 3893 defectum,
628 3833 687 3899 per
710 3815 731 3876 8
755 3812 824 3878 dies
858 3819 967 3881 aratro
1001 3815 1166 3895 exsistere,
1196 3822 1319 3884 extunc
1344 3819 1478 3901 finctus,

433 3917 584 3982 redditus
616 3919 650 3979 et
684 3921 873 4000 proventus,
900 3918 997 3984 dictae
1027 3919 1169 3986 ecclesiae
1202 3920 1243 3985 de
1277 3919 1478 4010 Kayngbam

433 4022 738 4106 sequestrarentur3
771 4023 805 4082 et
837 4019 883 4084 sic
916 4025 1138 4106 sequestratos
1168 4022 1206 4086 in
1239 4029 1396 4090 eventum
1418 4025 1479 4091 sub

433 4121 584 4190 custodia
606 4119 826 4187 archidiaconi
848 4126 908 4187 aut
941 4123 1011 4209 ejus
1045 4123 1190 4190 officialis
1212 4129 1273 4190 aut
1295 4126 1409 4192 decani
1438 4129 1480 4194 de

434 4225 652 4290 Holdernesse
675 4222 782 4288 voluit
810 4245 987 4302 remanere,
1009 4245 1176 4313 quousque
1206 4229 1248 4294 de
1277 4250 1406 4296 summa
1433 4231 1480 4298 sio

434 4333 542 4396 aratro
581 4325 769 4403 exsistente,
801 4327 940 4413 praefato
977 4329 1102 4394 vicario
1139 4329 1261 4414 debita,
1300 4355 1368 4399 una
1404 4355 1478 4400 cum

434 4432 563 4497 demnis
598 4453 671 4517 quae
705 4449 821 4518 passus
854 4429 956 4502 fuerit
993 4437 1028 4496 et
1061 4434 1213 4520 expensis
1247 4458 1328 4524 quas
1366 4437 1479 4503 fecerit

435 4535 601 4602 occasione
623 4531 802 4620 pramissa,
824 4551 883 4616 per
916 4552 976 4597 nos
1009 4533 1116 4602 eidem
1138 4536 1261 4606 vicario
1289 4540 1391 4608 fircrit
1411 4541 1479 4630 ple-

678 4789 1235 4861 ¹Auereoeaaainmrdessaynghm,1’.
