3578 5874
473 846 538 908 256
702 855 841 906 rsorrss
862 855 972 906 susas
995 857 1112 908 uouus
1133 857 1295 908 oremus

302 1043 449 1094 A.1).rass
472 1033 680 1120 supradictae,
703 1032 857 1121 praefatos
878 1032 925 1118 xj.
949 1032 1057 1110 libras,
1080 1031 1150 1118 xvj.
1175 1033 1305 1112 solidos,
1327 1031 1396 1118 viij.
1421 1032 1521 1097 dena-

302 1116 394 1161 '¹³⁹⁹·
471 1137 545 1213 rios,
569 1157 628 1223 pro
662 1133 967 1222 consumptionibus
1000 1136 1181 1220 pratensis,
1214 1156 1273 1221 pro
1308 1135 1380 1222 ipsa
1416 1134 1522 1220 prima

470 1238 632 1304 solutione
656 1238 752 1303 nobis
773 1236 963 1302 nullatenus
985 1237 1092 1301 voluit
1107 1236 1253 1302 allooare
1299 1235 1365 1302 Sed
1378 1235 1520 1324 gratiam

470 1346 505 1406 et
539 1341 768 1408 allocutionem
802 1339 838 1404 in
860 1339 1003 1404 secunda
1025 1339 1188 1405 solutione
1212 1339 1358 1425 praeiatae
1385 1337 1520 1404 decimae

470 1443 612 1510 fideliter
633 1443 838 1530 promittens,
854 1441 897 1506 ad
920 1440 1185 1506 satisfaciendum
1210 1441 1273 1506 sibi
1294 1441 1335 1508 de
1358 1440 1454 1506 dictis
1475 1437 1519 1523 xj.

469 1545 571 1624 libris,
586 1545 654 1631 κη’.
669 1544 790 1622 solidis,
806 1543 875 1628 viij.
891 1543 1043 1618 denariis,
1058 1542 1212 1608 abbatem
1227 1549 1388 1622 nostrum,
1404 1563 1462 1629 per
1476 1541 1520 1606 oi-

469 1648 614 1714 tationes
636 1647 796 1734 quasdam
810 1650 845 1711 et
860 1645 984 1710 medios
1007 1646 1175 1731 quosdam,
1191 1645 1233 1710 ad
1257 1645 1357 1712 dictae
1379 1642 1517 1736 summae

304 1765 447 1816 necator
470 1749 665 1817 solutionem
701 1770 761 1814 nos
790 1747 990 1834 instigantes
1013 1748 1120 1813 acrius
1142 1747 1363 1834 compellebat.
1419 1746 1519 1812 Unde

303 1832 445 1950 &³⁶⁸⁰ss
470 1852 573 1918 abbas
596 1857 716 1930 noster,
742 1849 877 1916 oonsilio
901 1849 1108 1935 quorundam
1130 1850 1310 1936 peritorum
1335 1851 1461 1928 ductus,
1484 1854 1519 1915 et

303 1914 459 2083 unlbioieq
470 1954 551 2020 dicti
575 1952 810 2040 archiepiscopi
840 1951 1110 2038 promissionibus
1132 1951 1167 2016 in
1189 1950 1381 2018 allocatione
1403 1953 1519 2018 sallem

303 2033 429 2149 gss‘ffll‘n
470 2057 677 2144 praefatarum
712 2053 1001 2140 consumptionum
1031 2053 1067 2116 in
1089 2053 1253 2118 solutione
1276 2055 1428 2120 secundae
1450 2077 1518 2120 me-

303 2167 439 2218 oonsumcd
471 2159 605 2224 dietatis
639 2157 774 2223 decimae
806 2155 967 2232 credulus,
990 2155 1033 2218 ad
1055 2156 1288 2241 capescendam
1311 2157 1392 2222 dieti
1415 2157 1517 2222 arohi-

303 2231 391 2294 ¹⁸¹¹⁶⁸³
472 2261 614 2348 episcopi
647 2258 919 2336 benevolentiam,
957 2257 1195 2324 considerando
1232 2280 1292 2345 pro
1330 2265 1412 2324 tunc
1449 2259 1519 2345 ejus

471 2362 699 2448 indigentiam,
734 2366 769 2426 et
801 2359 929 2446 ‘quod'
964 2358 1025 2425 sub
1063 2357 1249 2426 coertione¹
1287 2361 1432 2446 ejusdem
1470 2385 1521 2426 ra

471 2467 562 2533 tione
599 2463 873 2552 appropriationis
910 2461 1116 2528 ecclesiarum
1149 2467 1337 2528 nostrarum
1371 2464 1520 2551 graviter

470 2567 610 2654 astringi
644 2567 835 2643 valeremus,
872 2564 1027 2651 praefatos
1061 2565 1107 2650 xj.
1143 2564 1252 2642 libras,
1285 2565 1355 2652 xvj.
1389 2567 1518 2642 solidos,

470 2670 541 2756 viij.
581 2669 741 2746 denarios,
786 2668 822 2732 in
866 2667 1105 2753 suppletionem
1152 2667 1340 2732 medietatis
1386 2669 1519 2735 decimae

471 2778 593 2840 uostrae
624 2771 809 2857 antiquitus
846 2773 1019 2848 consuetae,
1054 2791 1113 2855 pro
1150 2769 1223 2855 ipsa
1260 2769 1376 2835 saltem
1413 2771 1520 2858 pritna

471 2877 649 2942 medietate
692 2875 797 2940 eidem
843 2871 963 2936 annuit
1000 2871 1240 2958 persolvendos.
1308 2872 1364 2938 Ita
1407 2881 1519 2939 tamen

303 2983 430 3072 memqu-
471 2979 568 3064 quod,
590 3000 665 3044 cum
697 2974 875 3041 verisimile
909 2973 995 3039 foret
1029 2973 1278 3059 inquisitionem
1310 2974 1347 3040 in
1370 2977 1519 3063 proximo

304 3052 415 3168 iffi:
471 3081 649 3146 affuturam
672 3079 709 3144 in
742 3077 894 3166 partibus
924 3075 1109 3162 perbreve
1138 3075 1266 3161 regium
1298 3076 1340 3144 de
1378 3079 1519 3143 veritate

304 3184 395 3264 giving
405 3183 458 3234 uim
472 3183 758 3270 consumptionurn
804 3179 1079 3267 praesoriptarum,
1119 3179 1346 3244 testimonium
1384 3179 1519 3267 aliquod

303 3250 459 3368 iffi&
471 3286 704 3372 archiepiscopi
725 3305 784 3348 seu
806 3281 982 3368 receptoria
1019 3281 1165 3367 praefatae
1198 3281 1333 3347 decimae
1357 3281 1421 3346 sibi
1444 3304 1518 3347 con-

304 3385 416 3436 ⁸¹¹⁰⁸s⁰¹
472 3410 567 3454 oessae
604 3387 708 3465 fieret,
748 3406 812 3471 quo
850 3383 968 3448 clarius
1006 3382 1257 3468 inquisitoribus
1300 3391 1335 3448 et
1366 3384 1520 3470 jurandis

304 3451 449 3581 milon.
472 3494 651 3576 patesceret
696 3488 736 3552 de
792 3485 1095 3572 consumptionibus
1144 3485 1265 3550 nostris
1315 3487 1517 3573 supradictis

304 3581 417 3635 claimed
474 3590 583 3668 Unde,
619 3589 728 3655 soluta
763 3609 822 3674 pro
860 3593 941 3652 tune
974 3586 1112 3673 praefato
1146 3587 1387 3675 archiepiscopo
1423 3589 1519 3655 totali

473 3694 649 3758 medietate
673 3690 807 3756 decimae
831 3696 1002 3766 consuetae,
1019 3693 1166 3776 receptor
1186 3689 1267 3754 dicti
1290 3690 1520 3778 archiepiscopi

473 3800 509 3860 et
531 3793 670 3860 subsidii
704 3793 751 3858 sio
784 3791 926 3857 concessi
956 3791 1214 3876 acquietantiam
1238 3792 1404 3876 quandam
1427 3793 1520 3858 nobis

473 3897 625 3976 reddidit,
650 3891 895 3962 continentem²
916 3893 1024 3979 ipsum
1049 3899 1247 3980 receptorem
1271 3895 1411 3960 subsidii
1433 3896 1520 3960 dicto

473 4000 606 4065 domino
629 3997 867 4084 archiepiscopo
885 4017 942 4082 per
957 3996 1109 4082 praelatos
1124 4002 1159 4061 et
1174 3995 1295 4061 olerum
1311 3996 1522 4063 Eboraceusis

473 4102 622 4168 dioecesis
645 4099 786 4166 concessi
816 4097 973 4184 recepisse
996 4097 1037 4162 de
1060 4097 1181 4163 abbate
1205 4100 1396 4165 monasterii
1416 4101 1522 4166 nostri

473 4204 517 4290 vj.
533 4204 644 4281 libras,
660 4224 692 4266 x.
707 4201 835 4279 solidos,
851 4222 884 4264 x.
901 4200 1052 4264 denarios
1075 4199 1316 4286 sterlingorum,
1331 4201 1367 4265 in
1393 4209 1520 4289 partem

473 4305 647 4372 solutionis
678 4302 867 4368 medietatis
899 4301 999 4366 unius
1031 4301 1165 4368 decimae
1195 4302 1284 4367 dicto
1308 4303 1441 4370 domino
1462 4327 1520 4370 suo

474 4407 714 4495 archiepiscopo
759 4403 889 4482 debitae,
929 4403 969 4468 de
1010 4405 1151 4470 termino
1192 4403 1305 4471 Sancti
1352 4405 1520 4472 Michaelis

474 4513 594 4577 ultimo
629 4507 807 4598 proeterito.
853 4505 908 4584 Et,
932 4507 1011 4592 quia
1042 4507 1130 4572 dioto
1162 4506 1294 4572 domino
1326 4529 1386 4573 suo
1415 4509 1520 4575 archi-

511 4759 671 4824 1coertione]
692 4755 840 4809 coheroione
851 4755 879 4805 in
890 4753 947 4804 MS.
1003 4753 1008 4820 1
1065 4752 1149 4804 ²Thc
1160 4755 1240 4805 entire
1251 4755 1308 4806 πίε
1318 4755 1340 4806 is
1350 4757 1519 4809 recitedinE.
