3614 5888
138 1979 140 1984 .
232 1950 236 1958 '
257 1941 379 1994 William.

423 866 464 927 811
615 876 815 926 wlttttnus
838 875 884 924 Du
906 875 1138 936 DBYNGHOWE,
1161 873 1275 925 Aleuas.

257 1062 326 1112 11).
343 1067 403 1112 1341
424 1051 593 1116 lohannes
627 1051 819 1128 cellerarius,
847 1050 983 1115 omnino
1014 1049 1148 1136 cupiens
1181 1072 1216 1114 se
1249 1048 1396 1135 praeferri
1430 1047 1466 1110 in

257 1134 347 1180 '¹³⁵³’
423 1155 585 1232 abbatem,
608 1153 714 1219 dictos
738 1157 757 1217 2
780 1153 917 1218 abbates
947 1157 983 1217 et
1003 1151 1178 1239 praefatum
1201 1151 1371 1216 dominum
1395 1149 1468 1214 Hu-

423 1279 542 1344 gonem
575 1256 617 1321 de
652 1256 773 1322 Sancto
808 1254 909 1343 Lupo,
932 1255 1127 1320 monachum
1151 1253 1304 1320 Cistercii
1326 1274 1466 1319 eommo-

423 1364 554 1425 mntem
587 1359 677 1447 apud
711 1358 951 1446 Scardburghe,
981 1358 1025 1422 ad
1046 1358 1272 1424 visitationem
1296 1355 1465 1430 invitavit,

423 1463 465 1528 ad
489 1461 719 1548 deponendum
742 1462 868 1527 dictum
891 1461 1062 1526 dominum
1078 1460 1281 1526 Willelmum
1304 1460 1467 1535 abbatem,

423 1569 458 1630 et
479 1566 587 1654 ipsum
611 1564 747 1630 fratran
762 1564 950 1630 Johannem
972 1563 1175 1630 cellerarium
1197 1565 1234 1628 in
1258 1561 1468 1629 abbatiatum

257 1665 705 1754 1100111011010111010111111111.1
751 1667 860 1746 Unde,
882 1666 1133 1754 presidentibus
1164 1667 1262 1732 dictis
1293 1663 1468 1730 201111011-

257 1743 363 1872 Σὲζζξξξ
423 1769 485 1835 bus
507 1775 541 1835 et
564 1769 723 1835 monacho
746 1770 784 1834 in
805 1769 998 1834 visitatione
1020 1776 1102 1836 tunc
1124 1769 1295 1848 celebrata,
1309 1767 1468 1856 prefatus

258 1877 334 1924 annot
423 1872 524 1936 frater
546 1871 570 1938 J
572 1872 716 1936 ohannes
739 1873 781 1936 de
804 1871 940 1958 Ryslay,
955 1871 1153 1953 cellerarius,
1176 1871 1330 1959 opposuit
1352 1874 1468 1936 contra

423 1975 598 2060 praefatum
610 1975 781 2040 dominum
792 1973 994 2038 Willelmum
1009 1974 1050 2038 de
1066 1973 1287 2061 Drynghowe,
1302 1972 1467 2050 abbatem,

424 2077 696 2164 dilapidationem
730 2076 893 2142 bonorum
923 2076 1123 2156 monasterii,
1147 2097 1185 2142 eo
1219 2077 1316 2162 quod,
1342 2074 1468 2160 accepit

425 2182 490 2244 620
524 2179 633 2255 libras,
667 2179 839 2256 6solidos,
864 2183 885 2242 8
909 2177 1081 2258 denarios,²
1103 2200 1162 2265 pro
1196 2177 1468 2253 concessionibus,

425 2281 672 2347 dimissionibus
692 2285 727 2348 et
741 2281 997 2360 venditionibus,
1019 2281 1226 2370 praescriptis,
1241 2303 1315 2368 quae
1341 2301 1469 2345 summa

424 2383 604 2448 excedebat
630 2387 827 2469 proventum
849 2385 1042 2450 monasterii
1064 2385 1163 2450 unius
1185 2381 1313 2464 1111111;3
1335 2383 1468 2450 solenne

424 2487 524 2550 etiam
546 2485 736 2572 perjurium,
760 2507 798 2551 eo
823 2487 920 2572 quod,
944 2487 1084 2574 acceptis
1107 2487 1148 2553 de
1170 2488 1266 2552 firma
1287 2486 1328 2551 de
1351 2485 1470 2550 Welle-

423 2589 517 2652 howe
534 2591 576 2652 20
591 2588 694 2668 libris,
711 2593 871 2674 praesente
893 2597 1066 2666 conventu,
1078 2589 1209 2676 juravit
1230 2611 1289 2676 per
1303 2586 1468 2674 corporale

423 2694 667 2756 sacramentum
692 2712 746 2756 ess
768 2691 952 2778 expendere
973 2691 1010 2756 in
1032 2692 1150 2756 ovibus
1164 2691 1311 2757 emendis
1325 2694 1467 2766 tantum,

423 2799 457 2857 et
480 2814 548 2857 non
569 2792 669 2874 fecit;
692 2794 1040 2880 conspirationemque,
1066 2795 1135 2879 [eo]
1159 2793 1247 2880 quod
1269 2791 1470 2878 conspiravit

423 2895 460 2958 in
491 2900 632 2961 mortem
668 2897 794 2961 domini
816 2897 901 2962 Adae
932 2896 973 2962 de
996 2897 1148 2982 Skyrena
1179 2897 1304 2961 dudum
1337 2895 1469 2961 abbatis

424 2999 496 3078 sui,
519 3002 553 3062 et
576 2998 664 3084 quod
687 2999 923 3064 monasterium
946 3020 988 3063 ex
1010 2998 1162 3066 omnibus
1184 2999 1350 3085 praedictis
1371 3017 1469 3084 pecu·

424 3100 489 3164 niis
512 3100 650 3188 receptis
673 3123 740 3166 non
763 3102 869 3188 magis
894 3102 1004 3168 fuerat
1025 3101 1216 3180 relevatum,
1239 3101 1339 3166 immo
1361 3099 1467 3184 magis

424 3207 619 3284 oneratum;
653 3208 687 3269 et
717 3204 859 3289 quilibet
881 3204 928 3269 sic
951 3203 1108 3290 obligans,
1130 3225 1278 3281 onerans,
1299 3203 1469 3289 perjurans

257 3305 407 3370 Depositam
424 3310 458 3368 et
481 3307 680 3392 conspirans,
703 3308 822 3373 merito
845 3307 929 3372 foret
951 3306 1169 3393 deponendus
1216 3306 1323 3385 Unde,
1348 3307 1385 3370 in
1416 3305 1469 3368 die

258 3373 372 3490 idm
423 3407 519 3472 Jovis
552 3408 703 3494 proxima
737 3414 815 3475 ante
838 3410 960 3475 festum
983 3409 1098 3475 Sancti
1121 3409 1225 3474 Marci
1247 3408 1467 3494 evangelista),

257 3505 351 3620 pring-
424 3531 511 3574 anno
535 3509 671 3574 Domini
695 3514 790 3588 1353,
814 3513 896 3577 dicti
918 3511 984 3577 duo
1007 3511 1144 3577 abbates
1165 3512 1341 3598 praefatum
1364 3511 1468 3575 domi-

276 3587 335 3621 own
424 3632 503 3674 num
524 3609 725 3676 Willelmum
748 3612 789 3677 de
804 3613 1018 3700 Drynghowe
1040 3613 1203 3693 abbatem,
1220 3635 1295 3678 cum
1312 3613 1384 3698 jam
1399 3633 1468 3676 mo·

426 3713 609 3778 naslerium
623 3713 719 3778 annis
743 3717 763 3780 3
786 3720 821 3779 et
844 3719 863 3782 9
888 3716 1053 3781 mensibus
1075 3715 1223 3794 texisset,
1237 3717 1467 3802 deposuemnt‚

423 3820 458 3879 et
479 3815 652 3902 praefatum
677 3817 847 3883 dominum
869 3818 1058 3884 Johannem
1080 3819 1121 3883 de
1145 3818 1280 3904 Ryslay,
1305 3818 1340 3882 in
1363 3817 1467 3883 forma

257 3918 412 3974 notanter
423 3937 496 4002 quae
518 3919 554 3983 in
576 3941 635 3985 suo
650 3918 719 3984 loeo
734 3921 892 4006 sequitur,
908 3922 1107 3986 monasterio
1122 3914 1345 4006 praefecerunt.
1383 3921 1468 3987 Con-

256 3989 402 4106 ἓξὲξ
422 4023 543 4085 ventus
564 4025 677 4086 tamen
700 4022 805 4088 eidem
828 4022 962 4089 domino
985 4023 1150 4090 Willelmo
1173 4045 1273 4089 unam
1296 4045 1466 4100 cameram,

257 4120 318 4171 nim.
422 4121 544 4208 quam⁴
577 4123 728 4188 dominus
752 4126 853 4213 Hugo
884 4125 925 4194 de
948 4124 1081 4194 Levana
1101 4125 1222 4192 fecerat
1244 4147 1303 4212 pro
1325 4126 1468 4192 cessione

422 4247 482 4290 sua
503 4228 691 4314 praeparari,
714 4228 802 4293 inter
823 4227 1071 4294 infirmitorium
1093 4233 1127 4294 et
1149 4229 1379 4295 dormitorium
1398 4251 1467 4294 mo-

455 4540 462 4572 ¹
476 4540 919 4607 11100100011111011]01101010111111111,Ρι
964 4542 1001 4593 sic
1009 4543 1124 4609 obligans
1133 4544 1312 4596 monasterium
1321 4531 1467 4594 suumfo'rct

453 4619 575 4686 ⁹«accepit
591 4658 598 4671 .
616 4657 623 4670 .
641 4658 647 4670 .
666 4619 792 4686 denarios]
812 4619 920 4685 acceptia
964 4623 1132 4687 deponendus,
1144 4625 1239 4685 erased,
1251 4624 1281 4673 P.

421 4736 427 4748 .
445 4735 451 4748 .
470 4736 476 4748 .
494 4699 608 4761 denariis,
626 4700 653 4750 in
663 4699 720 4752 MS.
996 4701 1006 4732 ⁴
1023 4702 1108 4768 quam]
1122 4704 1197 4766 quod,
1208 4703 1254 4764 E,
1273 4703 1338 4753 from
1350 4718 1422 4766 qaam
1438 4707 1465 4751 tc

453 4777 463 4809 ³
480 4778 556 4829 Acer
566 4780 633 4841 anni,
645 4778 666 4830 is
677 4781 766 4841 added,
777 4788 801 4832 et
815 4780 920 4846 quilibet
961 4783 1105 4846 proparari
1114 4782 1219 4834 omitted
1231 4781 1256 4833 in
1268 4783 1299 4833 P.
