3578 5874
542 873 681 938 moues
701 880 811 936 lasus
832 885 949 938 rosus
972 879 1130 938 nnmuu's.
1289 875 1352 939 275

309 1061 413 1148 patris
443 1063 573 1129 abbatis
595 1070 631 1131 et
660 1064 843 1130 immediati
865 1063 1048 1130 visitatoris
1079 1063 1204 1128 *nostri
1225 1057 1514 1129 monas-A·D·18⁹'⁰

309 1166 405 1246 terii,'
444 1166 661 1232 effectualiter
696 1166 887 1254 resignavit,
925 1189 962 1232 ac
1007 1165 1098 1231 omni
1130 1165 1208 1251 juri,
1245 1137 1458 1244 titulo,'¹⁸⁹⁹‘

309 1270 423 1349 statui,
446 1269 679 1356 gubernationi
701 1273 736 1334 et
758 1269 920 1355 regimini,
944 1291 1035 1355 pure,
1058 1275 1175 1356 sponte
1200 1275 1235 1335 et
1264 1267 1357 1366 abso-¹

308 1369 387 1450 lute,
410 1372 626 1450 renuntiavit,
648 1394 686 1438 ac
708 1393 821 1436 omnes
843 1371 1018 1437 monachos
1040 1373 1147 1438 nostri
1167 1371 1358 1438 monasterii

310 1473 353 1538 ab
374 1473 563 1542 obedientia
585 1473 649 1540 sibi
680 1474 767 1539 iacta
788 1474 921 1540 realiter
953 1479 1033 1539 tunc
1054 1475 1208 1541 absolvit.
1255 1474 1357 1561 Oujus
1422 1535 1425 1542 .

310 1576 488 1643 cessionem
510 1581 606 1664 pater
626 1577 773 1652 ‘abbas‘
796 1576 913 1642 videns
936 1597 1005 1643 esse
1028 1583 1255 1666 opportunam,
1278 1598 1358 1642 eun·

309 1678 383 1744 dem
398 1679 435 1744 in
456 1680 633 1766 praemissis
647 1679 691 1746 ad
713 1679 888 1745 cessionem
904 1679 1140 1766 spontaneam¹
1155 1680 1358 1768 acceptavit;

309 1803 347 1846 ac
369 1782 483 1860 eidem,
506 1783 543 1848 in
564 1783 756 1850 memoriam
778 1787 886 1848 status
908 1783 961 1848 sui
983 1782 1166 1862 abbatialis,
1190 1783 1356 1860 concessit,

309 1905 347 1948 ac
383 1885 557 1952 voluntate
594 1891 630 1951 et
644 1925 647 1932 ·
663 1907 816 1973 expressa
853 1884 991 1951 scientia
1027 1886 1217 1952 successoris
1254 1885 1358 1972 ipsius
1445 1902 1449 1913 “

310 1987 510 2054 auctoritate
544 2011 603 2055 sua
639 1987 802 2076 paternali
836 1988 1046 2053 confirmavit
1075 1987 1224 2070 *eidemj
1256 2011 1357 2054 unam
1369 2002 1467 2052 Allav-

310 2111 471 2156 cameram
508 2091 545 2156 in
581 2091 792 2156 infirmitorio
822 2091 1064 2172 monachorum,
1102 2113 1248 2156 annuam
1277 2079 1481 2188 ρθη-ζξῐξῗω

309 2193 435 2258 sionem
456 2193 500 2259 xl
524 2193 712 2272 solidorum,
733 2193 868 2280 gratias,
890 2192 1073 2274 libertates,
1096 2199 1130 2259 et
1153 2193 1219 2259 alia
1250 2191 1355 2282 [quae]

309 2294 506 2382 requisivit.²
550 2295 658 2362 Cessit
684 2300 794 2361 autem
819 2296 872 2362 hic
894 2295 995 2362 abbas
1017 2295 1157 2363 Thomas
1179 2296 1221 2361 ab
1252 2296 1356 2363 officio
1369 2305 1522 2384 samafra-

310 2419 368 2464 suo
392 2399 553 2464 abbatiali
578 2398 614 2464 in
637 2398 752 2485 vigilia
767 2397 1011 2485 Assumptionis
1027 2399 1175 2486 Virginis
1196 2397 1354 2486 gloriosae,
1369 2377 1504 2489 {¹59}th

309 2523 395 2565 anno
410 2500 547 2566 Domini
561 2517 667 2567 mccc.
683 2501 895 2588 nonagesimo
916 2523 1013 2579 nono,
1029 2523 1100 2567 cum
1125 2501 1232 2567 tribus
1252 2503 1357 2583 annis,

310 2603 458 2690 quinque
487 2604 688 2692 septimanis,
721 2609 865 2690 quatuor
899 2603 1022 2684 diebus,
1049 2609 1200 2670 nostrum
1228 2627 1357 2672 monas-

309 2705 430 2774 terium
452 2707 675 2794 gubernasset.
720 2705 871 2793 Reliquit
887 2728 965 2772 vero
988 2705 1139 2772 debitum
1157 2709 1357 2790 monasterii,
1370 2721 1508 2802 Debrslest

309 2809 346 2874 in
380 2809 524 2876 cessione
557 2833 625 2889 sua,
652 2811 729 2875 ccccl
752 2809 862 2888 libras,
885 2809 968 2896 xvij.
995 2809 1124 2890 solidos,
1148 2814 1169 2875 2
1200 2811 1358 2891 denarios,
1370 2789 1406 2854 by
1416 2789 1476 2840 mm.

310 2910 466 2992 obolum3
498 2911 542 2977 ad
575 2911 664 2999 quod
695 2911 843 2977 debitum
874 2911 1128 2999 persolvendum
1161 2917 1196 2977 et
1218 2914 1261 2978 ad
1283 2915 1358 2979 reli-

311 3035 392 3101 quas
426 3036 586 3103 expensas
618 3013 810 3080 monasterii
840 3013 1056 3094 faciendas,a
1089 3013 1177 3082 dicto
1209 3014 1262 3080 die
1294 3038 1379 3082 ces·-

311 3117 413 3183 sionis
436 3140 505 3184 suae
527 3139 631 3205 usque
654 3119 698 3183 ad
729 3117 850 3182 festum
873 3115 989 3183 Sancti
1012 3117 1150 3182 Martini
1172 3117 1359 3205 proximum

309 3226 390 3286 tune
435 3243 583 3308 sequens,
629 3224 860 3286 remanserunt
893 3219 931 3284 in
976 3219 1128 3284 manibus
1173 3222 1360 3287 tenentium

310 3425 404 3490 narii
465 3426 602 3493 Summa
635 3424 753 3511 lxxiiij.
787 3425 889 3503 librae,
920 3425 977 3511 xij.
1011 3425 1115 3504 solidi,
1146 3425 1188 3512 vj.
1225 3427 1359 3492 denarii.

314 3527 452 3593 Summa
488 3528 641 3594 redditus
678 3525 885 3615 pecuniarii⁰
922 3549 981 3614 per
1017 3549 1141 3608 annum
1177 3534 1258 3595 tuno
1294 3529 1360 3596 fuit
1371 3535 1472 3588 Income
1484 3537 1513 3588 of

311 3629 422 3717 cceliij.
445 3629 548 3711 librae,
576 3651 629 3695 xv.
654 3629 759 3708 solidi,
782 3627 826 3716 vj.
849 3629 997 3696 denarii.⁴
1042 3629 1179 3696 Summa
1201 3631 1241 3697 de
1265 3601 1527 3734 pecu-{ww

311 3731 375 3796 niis
399 3737 434 3798 et
456 3733 528 3798 aliis
543 3732 760 3819 proventibus
782 3735 921 3820 receptis
936 3733 977 3798 de
1000 3733 1140 3799 ecclesiis
1156 3739 1191 3800 et
1216 3737 1361 3822 grangiis

311 3837 392 3898 tunc
412 3833 480 3898 fuit
510 3856 715 3921 perannum
747 3835 886 3920 ccxxxij.
909 3834 1011 3901 librae.
1057 3835 1194 3901 Summa
1223 3837 1265 3902 de
1287 3838 1361 3904 aliis

312 3935 515 4021 recipiendis,
540 3937 720 4002 secundum
751 3959 854 4004 annos
877 3957 1073 4018 communes,
1097 3937 1141 4006 xl
1163 3937 1267 4020 librae,
1291 3940 1360 4008 xix.

312 4037 417 4116 solidi,
441 4039 485 4124 vj.
509 4037 645 4104 denarii.
690 4039 827 4105 Summa
848 4039 964 4104 totalis
985 4044 1125 4127 receptas
1146 4063 1205 4127 per
1235 4064 1358 4108 annum

312 4139 470 4226 ccxxviij.
493 4140 595 4220 librae,
610 4164 666 4207 xv.
682 4141 786 4207 solidi.
833 4140 879 4206 Et
904 4141 1042 4206 fuerumt
1062 4143 1142 4206 *in'
1162 4146 1360 4210 monasterio

312 4243 349 4306 in
380 4242 485 4308 firmis
523 4242 691 4330 perpetuis
721 4248 756 4308 et
787 4243 1043 4309 resolutionibus
1072 4245 1146 4310 aliis
1179 4245 1361 4313 annuatis⁵

348 4581 357 4613 ¹
374 4583 544 4649 sponsatam]
556 4583 811 4648 spontaniaminMS.
895 4583 907 4617 ³
919 4585 1075 4651 pecuniarii]
1090 4586 1244 4650 peccuniarii
1254 4587 1281 4639 in
1292 4589 1350 4642 MS.

216 4693 222 4708 .
347 4659 357 4691 ²
374 4660 451 4711 Alter
462 4663 598 4726 requisivit,
608 4677 666 4714 cum
677 4664 812 4728 gubernas-
852 4699 856 4708 ·
895 4663 906 4695 ¹¹
922 4681 963 4715 xc.
973 4681 994 4715 s.
1006 4666 1039 4729 vj.
1049 4664 1088 4730 d.]
1105 4669 1233 4742 corrected
1244 4667 1311 4720 from
1321 4669 1360 4734 iij.

312 4745 352 4790 set
362 4739 544 4792 monasterium
555 4748 581 4794 et
590 4741 730 4808 prefuisset
739 4742 814 4794 annis
862 4742 887 4795 d.
898 4745 948 4805 ob.,
958 4743 1015 4796 MS.

314 4819 402 4881 tribus,
413 4819 472 4872 ΜΒ.
896 4823 908 4855 ⁶
923 4829 947 4873 et
956 4823 992 4874 ad
1002 4825 1139 4894 maban]
1152 4828 1247 4889 med,
1258 4827 1317 4883 ΜΒ.

1163 4911 1227 4975 s2
