3610 5890
446 855 487 917 66
678 869 776 917 suco
797 864 906 916 assas
929 867 1084 928 oursrus
1106 869 1267 919 uscruus
1303 825 1307 833 ¹

279 1053 507 1108 1111841818
530 1039 658 1128 expulit
681 1044 716 1106 81
738 1041 879 1128 fugavit,
896 1041 943 1106 sio
964 1039 1054 1127 apud
1078 1041 1239 1107 Calesiam
1262 1040 1397 1104 flamma
1411 1037 1503 1102 ferox

448 1145 536 1230 ignis
570 1143 748 1208 casualiter
781 1143 928 1209 succensi
960 1143 1140 1208 maximam
1163 1148 1291 1230 partem
1313 1139 1503 1228 garderobae

279 1267 363 1333 Philip
449 1247 536 1333 regis
559 1245 719 1311 Edwardi
753 1250 788 1312 et
818 1267 910 1312 arma
936 1245 1055 1312 bellica
1076 1247 1171 1311 varia
1194 1245 1378 1312 devoravit.
1423 1243 1503 1306 Post

280 1335 437 1452 2321,thOE
449 1347 547 1434 quod,
572 1348 747 1435 Philippus
770 1349 811 1414 de
834 1349 961 1434 Valoys
986 1349 1095 1415 dictus
1117 1371 1178 1415 rex
1201 1347 1360 1426 uraneiae,
1384 1367 1459 1411 cum
1482 1347 1503 1407 4

280 1469 350 1533 large
359 1483 431 1533 army
450 1450 596 1529 ducibus,
619 1450 777 1517 videlicet
811 1450 1038 1532 Normanniae,
1064 1451 1251 1530 Ateniensi,
1274 1447 1503 1533 Lotharingiae

280 1535 394 1656 {gissffif
450 1557 485 1618 et
507 1552 721 1638 Burgundioe,
746 1555 787 1618 16
811 1552 996 1631 comitibus,
1013 1553 1189 1619 senescallo
1204 1553 1363 1629 Francia,
1380 1554 1416 1616 et
1430 1549 1504 1613 aliis

282 1667 410 1717 thetovn.
451 1658 472 1718 t
506 1655 635 1742 magnis
669 1653 811 1720 dominis
845 1660 880 1720 et
912 1655 1056 1737 famosis,
1091 1659 1112 1720 2
1143 1653 1406 1741 archiepiscopis,
1437 1671 1503 1716 uuo

282 1735 361 1782 “³⁶
374 1733 395 1782 ὁ·
452 1758 611 1843 episcopo,
642 1757 761 1823 abbate
800 1757 840 1823 de
875 1756 1014 1844 Oorbye,
1051 1760 1149 1838 t,000
1180 1758 1328 1824 militum
1365 1760 1400 1822 et
1437 1753 1504 1818 alia

451 1859 667 1924 multitudine
699 1860 840 1946 copiosa,
874 1865 909 1924 ct
945 1882 1021 1926 cum
1057 1864 1154 1938 1,600
1188 1860 1331 1940 vexillis,
1369 1855 1504 1923 18888811

451 1983 553 2048 prope
568 1960 741 2040 Oalesiam,
758 1962 811 2028 die
827 1961 965 2028 Veneris
987 1963 1138 2049 proxima
1159 1966 1235 2049 post
1253 1962 1374 2028 festum
1389 1955 1505 2026 Sancti

451 2063 580 2142 Jacobi,
603 2068 643 2129 ut
671 2063 766 2128 illam
795 2069 985 2145 recusaret3
1019 2069 1054 2130 et
1076 2085 1135 2152 per
1156 2087 1260 2130 unam
1281 2064 1408 2130 leucam
1429 2060 1504 2124 hos·

451 2165 580 2251 pitatus
601 2170 653 2231 est
675 2167 718 2232 ab
742 2166 890 2232 exercitu
904 2166 1091 2253 Anglicano
1112 2169 1150 2233 in
1171 2167 1325 2234 tentoriis
1340 2162 1502 2253 pretiosis.

453 2266 539 2334 Cum
573 2289 714 2354 quorum
745 2268 1006 2357 hospitatoribus
1027 2270 1161 2356 Anglioi
1190 2269 1345 2357 primitus
1368 2265 1504 2333 conflix-

342 2379 382 2429 0ci
452 2373 575 2448 erunt3
598 2376 823 2458 ceperuntque
844 2371 968 2437 milites
990 2375 1025 2438 et
1046 2372 1217 2452 scutarios,
1238 2370 1408 2438 nonnullis
1430 2367 1505 2434 aliis

315 2529 365 2563 Η,
452 2470 646 2540 interfectis.
706 2473 753 2538 Et
786 2473 824 2538 11
862 2471 1008 2540 81181118
1041 2479 1206 2541 venerunt
1239 2474 1342 2562 legati
1376 2469 1505 2538 domini

452 2595 555 2660 papae,
580 2595 686 2640 eomes
717 2575 874 2642 videlicet
907 2576 948 2642 de
970 2577 1144 2663 Ermynak
1175 2582 1209 2642 et
1240 2577 1299 2642 alii
1326 2577 1393 2642 duo
1415 2595 1506 2659 mag·

453 2681 549 2741 nates
564 2675 722 2758 Francia,
746 2679 790 2744 ed
814 2679 1025 2744 tractandum
1048 2701 1123 2746 cum
1145 2680 1358 2766 magnatibus
1373 2676 1505 2762 Angliae

452 2799 511 2864 per
544 2799 655 2866 regem
689 2781 733 2845 ad
766 2781 829 2846 hoo
862 2783 1040 2868 assignatis
1066 2803 1165 2868 super
1186 2803 1265 2868 paee
1287 2779 1503 2848 reformanda.

285 2887 432 2940 181118188-
453 2879 595 2946 Interim
617 2887 782 2949 venerunt
804 2883 876 2970 regi
898 2884 1032 2970 Angliae
1054 2884 1184 2950 circiter
1208 2882 1506 2966 1008118ηά11-

284 2963 392 3072 ssffi
403 3021 433 3072 of
453 2981 539 3048 sium
568 2987 772 3050 armatorum
800 2985 837 3048 in
860 2985 1044 3051 subsidium
1067 3007 1196 3071 guerrae
1218 3007 1294 3052 suae.
1340 2985 1407 3051 Sed
1430 3005 1506 3048 cum

285 3087 429 3165 specule-
454 3085 495 3150 de
517 3086 607 3173 paeis
628 3086 863 3153 reformatione
885 3088 968 3154 dicti
991 3087 1118 3152 domini
1133 3087 1222 3153 inter
1237 3111 1272 3154 se
1285 3089 1506 3175 nequiverant

284 3169 397 3271 ffi„
455 3189 663 3270 concordare,
687 3189 812 3255 obsum
840 3211 900 3255 rex
923 3187 1109 3256 Edwardus
1132 3191 1286 3278 Philippo
1310 3192 1350 3256 de
1374 3189 1506 3255 vuaso

285 3287 431 3404 fflfflff*
454 3291 543 3375 quod
576 3291 614 3355 in
644 3291 752 3377 campi
782 3291 931 3377 planitie,
956 3299 1016 3359 aut
1047 3293 1136 3358 infra
1168 3293 1228 3358 ubi
1250 3293 1507 3380 hospitabantur

284 3369 370 3483 fimi
454 3393 597 3478 Anglici,
609 3392 780 3458 dimicaret
801 3393 1018 3460 libentissima
1034 3415 1109 3460 cum
1124 3395 1247 3463 eodem,
1294 3395 1367 3476 Quo
1382 3395 1507 3472 audito,

285 3485 429 3602 {fflm
455 3493 563 3558 dictus
602 3493 776 3580 Philippus
809 3515 868 3559 rex
900 3496 1056 3578 Francia,
1092 3503 1187 3564 nocte
1224 3504 1382 3584 sequente
1419 3499 1505 3563 diem

286 3615 416 3682 hisarmy.
457 3593 572 3658 Sancti
587 3593 678 3659 Petri
700 3595 744 3659 ad
759 3593 910 3674 Vincula,
934 3619 1003 3664 non
1026 3599 1098 3666 viso
1119 3601 1206 3688 regis
1221 3601 1354 3688 Angliae
1375 3600 1506 3678 vexillo,

286 3682 410 3800 {augin
456 3695 590 3760 recessit
627 3695 775 3762 clanculo
813 3699 1012 3768 confutatus.
1074 3702 1159 3768 Cum
1191 3725 1271 3769 vcro
1305 3704 1506 3770 Francorum

288 3815 389 3892 censor
456 3797 569 3884 fingam
607 3798 676 3864 dies
713 3799 859 3866 crastiua
896 3802 1086 3886 declararet,
1125 3806 1248 3872 obsessi
1286 3807 1436 3872 lucernas
1473 3810 1507 3871 et

288 3880 423 3933 ΜΗΘ·
456 3899 587 3980 faculas,
610 3921 694 3986 quas
715 3903 752 3966 in
775 3925 888 3968 eorum
910 3905 1059 3972 adventu
1088 3929 1239 3974 accensas
1260 3909 1296 3973 in
1331 3909 1507 3995 campanili

288 3961 362 3998 move
373 3949 416 3999 the

288 4010 437 4093 lignaney
455 4001 657 4089 excelsisque
689 4005 839 4070 turribus
870 4008 1077 4088 exaltabant,
1102 4011 1145 4076 ab
1168 4011 1238 4077 alto
1272 4033 1348 4078 cum
1373 4013 1507 4078 vexillis

288 4079 436 4197 fflssffll‘n
457 4105 573 4170 erectis
594 4106 710 4172 cadere
731 4107 979 4193 permittebant.
1025 4111 1072 4178 Et
1094 4118 1227 4199 postera
1248 4114 1302 4180 die
1316 4113 1507 4202 capitaneus

289 4211 436 4290 1118111111-
457 4212 491 4272 et
522 4207 661 4294 majores
698 4209 787 4276 villae
825 4211 961 4278 allocuti
992 4220 1071 4279 sunt
1108 4215 1269 4302 quosdam
1306 4217 1508 4284 consiliarios

289 4280 416 4408 fflussd'
456 4310 542 4396 regis
563 4309 729 4392 Edwardi,
754 4311 899 4379 dicentes
922 4335 956 4380 se
976 4315 1092 4382 villam
1107 4319 1193 4384 velle
1215 4317 1351 4386 reddere
1374 4319 1508 4387 domino

288 4409 369 4541 {hg
369 4413 437 4545 3521
457 4411 535 4499 regi.
581 4412 656 4493 Quo
678 4413 804 4495 audito,
828 4415 1014 4484 Edwardus
1044 4441 1111 4498 rex,
1136 4423 1262 4507 gratias
1284 4443 1385 4510 agens
1409 4423 1508 4489 Flan-

289 4543 418 4596 theam.
458 4514 638 4594 drensibus,
672 4516 746 4581 illos
781 4518 932 4603 permisit
966 4521 1010 4585 ad
1041 4523 1174 4610 propria
1206 4545 1358 4608 remeare,
1393 4527 1509 4592 nolens

457 4616 522 4682 illis
554 4619 773 4704 praesentibus
808 4619 924 4684 villam
954 4624 1096 4712 recipere
1119 4627 1335 4712 praelibatam,
1359 4649 1402 4692 ne
1424 4627 1509 4695 forte

458 4718 522 4784 sibi
555 4720 758 4786 ascriberent
791 4720 874 4788 illud
897 4722 1030 4794 factum.
1077 4727 1187 4814 Igitur
1211 4730 1266 4796 die
1289 4730 1511 4810 dominicae
